id,country,managed_by,fulfill_via,vendor_inco_term,shipment_mode,scheduled_delivery_date,delivered_to_client_date,product_group,sub_classification,vendor,item_id,item_description,brand,unit_of_measure_per_pack,line_item_quantity,line_item_value,pack_price,unit_price,manufacturing_site,weight_kilograms,freight_cost_usd,line_item_insurance_usd
1,Côte d'Ivoire,PMO - US,Direct Drop,EXW,Air,2-Jun-06,2-Jun-06,HRDT,HIV test,RANBAXY Fine Chemicals LTD.,SKU0000,"HIV, Reveal G3 Rapid HIV-1 Antibody Test, 30 Tests",Reveal,30,19,551,29,0.97,Ranbaxy Fine Chemicals LTD,13,780.34,
3,Vietnam,PMO - US,Direct Drop,EXW,Air,14-Nov-06,14-Nov-06,ARV,Pediatric,Aurobindo Pharma Limited,SKU0001,"Nevirapine 10mg/ml, oral suspension, Bottle, 240 ml",Generic,240,1000,6200,6.2,0.03,"Aurobindo Unit III, India",358,4521.5,
4,Côte d'Ivoire,PMO - US,Direct Drop,FCA,Air,27-Aug-06,27-Aug-06,HRDT,HIV test,Abbott GmbH & Co. KG,SKU0002,"HIV 1/2, Determine Complete HIV Kit, 100 Tests",Determine,100,500,40000,80,0.8,ABBVIE GmbH & Co.KG Wiesbaden,171,1653.78,
15,Vietnam,PMO - US,Direct Drop,EXW,Air,1-Sep-06,1-Sep-06,ARV,Adult,SUN PHARMACEUTICAL INDUSTRIES LTD (RANBAXY LABORATORIES LIMITED),SKU0003,"Lamivudine 150mg, tablets, 60 Tabs",Generic,60,31920,127360.8,3.99,0.07,"Ranbaxy, Paonta Shahib, India",1855,16007.06,
16,Vietnam,PMO - US,Direct Drop,EXW,Air,11-Aug-06,11-Aug-06,ARV,Adult,Aurobindo Pharma Limited,SKU0004,"Stavudine 30mg, capsules, 60 Caps",Generic,60,38000,121600,3.2,0.05,"Aurobindo Unit III, India",7590,45450.08,
23,Nigeria,PMO - US,Direct Drop,EXW,Air,28-Sep-06,28-Sep-06,ARV,Pediatric,Aurobindo Pharma Limited,SKU0005,"Zidovudine 10mg/ml, oral solution, Bottle, 240 ml",Generic,240,416,2225.6,5.35,0.02,"Aurobindo Unit III, India",504,5920.42,
44,Zambia,PMO - US,Direct Drop,DDU,Air,8-Jan-07,8-Jan-07,ARV,Pediatric,MERCK SHARP & DOHME IDEA GMBH (FORMALLY MERCK SHARP & DOHME B.V.),SKU0006,"Efavirenz 200mg [Stocrin/Sustiva], capsule, 90 Caps",Stocrin/Sustiva,90,135,4374,32.4,0.36,MSD South Granville Australia,328,Freight Included in Commodity Cost,
45,Tanzania,PMO - US,Direct Drop,EXW,Air,24-Nov-06,24-Nov-06,ARV,Adult,Aurobindo Pharma Limited,SKU0007,"Nevirapine 200mg, tablets, 60 Tabs",Generic,60,16667,60834.55,3.65,0.06,"Aurobindo Unit III, India",1478,6212.41,
46,Nigeria,PMO - US,Direct Drop,EXW,Air,7-Dec-06,7-Dec-06,ARV,Adult,Aurobindo Pharma Limited,SKU0004,"Stavudine 30mg, capsules, 60 Caps",Generic,60,273,532.35,1.95,0.03,"Aurobindo Unit III, India",See ASN-93 (ID#:1281),See ASN-93 (ID#:1281),
47,Zambia,PMO - US,Direct Drop,CIP,Air,30-Jan-07,30-Jan-07,ARV,Adult,ABBVIE LOGISTICS (FORMERLY ABBOTT LOGISTICS BV),SKU0008,"Lopinavir/Ritonavir 200/50mg [Aluvia], tablets, 120 Tabs",Aluvia,120,2800,115080,41.1,0.34,ABBVIE (Abbott) St. P'burg USA,643,Freight Included in Commodity Cost,
60,Zambia,PMO - US,Direct Drop,CIP,Air,16-Feb-07,16-Feb-07,ARV,Adult,ABBVIE LOGISTICS (FORMERLY ABBOTT LOGISTICS BV),SKU0008,"Lopinavir/Ritonavir 200/50mg [Aluvia], tablets, 120 Tabs",Aluvia,120,2800,115080,41.1,0.34,ABBVIE Ludwigshafen Germany,643,Freight Included in Commodity Cost,
61,Zambia,PMO - US,Direct Drop,EXW,Air,8-Jan-07,8-Jan-07,HRDT,HIV test,"Trinity Biotech, Plc",SKU0009,"HIV 1/2, Uni-Gold HIV Kit, 20 Tests",Uni-Gold,20,2500,100000,40,2,"Trinity Biotech, Plc",853,13569.49,
62,Nigeria,PMO - US,Direct Drop,EXW,Air,10-Jan-07,10-Jan-07,HRDT,HIV test,EY Laboratories,SKU0010,"HIV 1/2, InstantChek HIV 1+2 Kit, 100 Tests",InstantCHEK,100,10,850,85,0.85,"EY Laboratories, USA",Weight Captured Separately,Invoiced Separately,
64,Rwanda,PMO - US,Direct Drop,EXW,Air,27-Feb-07,27-Feb-07,ARV,Adult,CIPLA LIMITED,SKU0011,"Lamivudine/Zidovudine 150/300mg, tablets, 60 Tabs",Generic,60,10000,99800,9.98,0.17,"Cipla, Goa, India",7416,64179.42,
65,Haiti,PMO - US,Direct Drop,EXW,Air,18-Jan-07,18-Jan-07,HRDT,HIV test,Abbott GmbH & Co. KG,SKU0002,"HIV 1/2, Determine Complete HIV Kit, 100 Tests",Determine,100,750,60000,80,0.8,ABBVIE GmbH & Co.KG Wiesbaden,256,1760.32,
68,Zimbabwe,PMO - US,Direct Drop,CIP,Air,19-Mar-07,19-Mar-07,ARV,Pediatric,BRISTOL-MYERS SQUIBB,SKU0012,"#102198**Didanosine 200mg [Videx], tablets, 60 Tabs",Videx,60,579,14764.5,25.5,0.42,"BMS Meymac, France",Weight Captured Separately,Freight Included in Commodity Cost,
69,Nigeria,PMO - US,Direct Drop,CIP,,7-May-07,7-May-07,HRDT,HIV test,ACCOUN NIGERIA LIMITED,SKU0002,"HIV 1/2, Determine Complete HIV Kit, 100 Tests",Determine,100,1500,120000,80,0.8,ABBVIE GmbH & Co.KG Wiesbaden,Weight Captured Separately,Freight Included in Commodity Cost,192
80,Rwanda,PMO - US,Direct Drop,EXW,Air,29-Mar-07,29-Mar-07,HRDT,HIV test,Premier Medical Corporation Ltd.,SKU0013,"HIV 1/2/O, First Response HIV 1-2.0, v.3.0 Cards Kit, 30 Tests",First Response,30,2000,33000,16.5,0.55,Premier Med. Corp Ltd. India,710,3120.7,
81483,Vietnam,PMO - US,Direct Drop,EXW,Air,12-Nov-12,12-Nov-12,ARV,Adult,CIPLA LIMITED,SKU0014,"Zidovudine 300mg, tablets, 60 Tabs",Generic,60,525,3465,6.6,0.11,"Cipla, Goa, India",34,807.47,4.86
87,Tanzania,PMO - US,Direct Drop,CIP,Air,6-Jun-07,6-Jun-07,ARV,Pediatric,BRISTOL-MYERS SQUIBB,SKU0015,"Didanosine 2g [Videx], powder for oral solution 10mg/ml, reconstitute to 200 ml",Videx,200,712,8964.08,12.59,0.06,"BMS Meymac, France",162,912.96,
92,Nigeria,PMO - US,Direct Drop,EXW,Air,19-Jun-07,19-Jun-07,HRDT,HIV test,Abbott GmbH & Co. KG,SKU0002,"HIV 1/2, Determine Complete HIV Kit, 100 Tests",Determine,100,1000,80000,80,0.8,ABBVIE GmbH & Co.KG Wiesbaden,341,2682.47,128
96,Nigeria,PMO - US,Direct Drop,EXW,Air,19-Jun-07,19-Jun-07,HRDT,HIV test,"CHEMBIO DIAGNOSTIC SYSTEMS, INC.",SKU0016,"HIV 1/2, Stat-Pak HIV, Kit, 20 Tests",Stat-Pak,20,7500,202500,27,1.35,Chembio Diagnostics Sys. Inc.,2278,15893.71,
108,Côte d'Ivoire,PMO - US,Direct Drop,CIP,Air,2-Oct-07,2-Oct-07,ARV,Pediatric,BRISTOL-MYERS SQUIBB,SKU0012,"#102198**Didanosine 200mg [Videx], tablets, 60 Tabs",Videx,60,5513,140581.5,25.5,0.42,"BMS Meymac, France",2126,Freight Included in Commodity Cost,224.93
115,Vietnam,PMO - US,Direct Drop,EXW,Air,15-Oct-07,15-Oct-07,ARV,Pediatric,Aurobindo Pharma Limited,SKU0001,"Nevirapine 10mg/ml, oral suspension, Bottle, 240 ml",Generic,240,1000,1920,1.92,0.01,"Aurobindo Unit III, India",941,4193.49,3.07
116,Vietnam,PMO - US,Direct Drop,FCA,Air,27-Aug-07,27-Aug-07,ARV,Adult,ABBVIE LOGISTICS (FORMERLY ABBOTT LOGISTICS BV),SKU0008,"Lopinavir/Ritonavir 200/50mg [Aluvia], tablets, 120 Tabs",Aluvia,120,500,41095,82.19,0.68,ABBVIE Ludwigshafen Germany,117,1767.38,65.75
130,Haiti,PMO - US,Direct Drop,EXW,Air,13-Aug-07,21-Aug-07,HRDT,HIV test,"Orgenics, Ltd",SKU0017,"HIV 1/2, Determine HIV Kit, without Lancets, 100 Tests",Determine,100,750,53992.5,71.99,0.72,Inverness Japan,171,3518.38,86.39
134,Haiti,PMO - US,Direct Drop,EXW,Air,25-Aug-07,25-Aug-07,HRDT,HIV test,Orasure Technologies Inc.,SKU0018,"HIV 1/2, OraQuick Advance HIV Rapid Antibody Kit, 100 Tests",OraQuick,100,25,8750,350,3.5,"Pacific Biotech, Thailand",60,3097.85,14
138,Tanzania,PMO - US,Direct Drop,EXW,Air,16-Oct-07,16-Oct-07,HRDT,HIV test,"Standard Diagnostics, Inc.",SKU0019,"HIV 1/2, Bioline 3.0 Kit, Lancets, Capillary pipets, Alcohol swabs included, 25 Tests",Bioline,25,10000,200000,20,0.8,"Standard Diagnostics, Korea",3335,27869.74,320
139,Tanzania,PMO - US,Direct Drop,EXW,Air,22-Nov-07,22-Nov-07,HRDT,HIV test,"Standard Diagnostics, Inc.",SKU0019,"HIV 1/2, Bioline 3.0 Kit, Lancets, Capillary pipets, Alcohol swabs included, 25 Tests",Bioline,25,10000,200000,20,0.8,"Standard Diagnostics, Korea",3335,28461.1,320
140,Tanzania,PMO - US,Direct Drop,EXW,Air,22-Nov-07,22-Nov-07,HRDT,HIV test,"Standard Diagnostics, Inc.",SKU0019,"HIV 1/2, Bioline 3.0 Kit, Lancets, Capillary pipets, Alcohol swabs included, 25 Tests",Bioline,25,10000,200000,20,0.8,"Standard Diagnostics, Korea",3335,28359.8,320
161,Ethiopia,PMO - US,Direct Drop,EXW,Air,20-Nov-07,20-Nov-07,ARV,Adult,Aurobindo Pharma Limited,SKU0004,"Stavudine 30mg, capsules, 60 Caps",Generic,60,64000,99200,1.55,0.03,"Aurobindo Unit III, India",4228,12237.61,158.72
176,Nigeria,PMO - US,Direct Drop,EXW,Air,3-Oct-07,3-Oct-07,HRDT,HIV test,"CHEMBIO DIAGNOSTIC SYSTEMS, INC.",SKU0016,"HIV 1/2, Stat-Pak HIV, Kit, 20 Tests",Stat-Pak,20,10000,270000,27,1.35,Chembio Diagnostics Sys. Inc.,3263,20885.78,432
262,South Africa,PMO - US,Direct Drop,DDP,,29-Jan-08,29-Jan-08,ARV,Pediatric,"JSI R&T INSTITUTE, INC.",SKU0020,"Zidovudine 10mg/ml [Retrovir], oral solution, Bottle, 200 ml",Retrovir,200,40,317.6,7.94,0.04,GSK Mississauga (Canada),Weight Captured Separately,Freight Included in Commodity Cost,0.51
269,Vietnam,PMO - US,Direct Drop,EXW,Air,21-Jan-08,21-Jan-08,ARV,Adult,"GILEAD SCIENCES IRELAND, INC.",SKU0021,"Tenofovir Disoproxil Fumarate 300mg [Viread], tablets, 30 Tabs",Viread,30,1000,17000,17,0.57,Gilead(Nycomed) Oranienburg DE,76,2282.57,27.2
270,Vietnam,PMO - US,Direct Drop,EXW,Air,21-Jan-08,21-Jan-08,ARV,Adult,SUN PHARMACEUTICAL INDUSTRIES LTD (RANBAXY LABORATORIES LIMITED),SKU0014,"Zidovudine 300mg, tablets, 60 Tabs",Generic,60,400,3352,8.38,0.14,"Ranbaxy, Paonta Shahib, India",23,2149.05,5.36
284,Rwanda,PMO - US,Direct Drop,EXW,Air,31-Jan-08,31-Jan-08,HRDT,HIV test - Ancillary,"Orgenics, Ltd",SKU0022,"HIV, Lancet, Safety, for HIV Test kits, 100 Pcs",Generic,100,1500,15,0.01,0,Inverness Japan,99,0.75,0.02
305,Nigeria,PMO - US,Direct Drop,EXW,Air,5-Feb-08,5-Feb-08,HRDT,HIV test - Ancillary,"Orgenics, Ltd",SKU0022,"HIV, Lancet, Safety, for HIV Test kits, 100 Pcs",Generic,100,650,6.5,0.01,0,Inverness Japan,Weight Captured Separately,Invoiced Separately,0.01
343,South Africa,PMO - US,Direct Drop,DDP,,21-Jan-08,4-Jan-08,ARV,Pediatric,"JSI R&T INSTITUTE, INC.",SKU0023,"Stavudine 1mg/ml [Zerit], powder for oral solution, Bottle, 200 ml",Zerit,200,200,340,1.7,0.01,"BMS Meymac, France",Weight Captured Separately,Freight Included in Commodity Cost,0.54
361,Haiti,PMO - US,Direct Drop,EXW,Air,18-Feb-08,18-Feb-08,HRDT,HIV test,"Trinity Biotech, Plc",SKU0024,"HIV 1/2, Capillus HIV Kit, 100 Tests",Capillus,100,2,278,139,1.39,"Trinity Biotech, Plc",Weight Captured Separately,Invoiced Separately,0.44
391,Côte d'Ivoire,PMO - US,Direct Drop,EXW,Air,17-Jun-08,17-Jun-08,HRDT,HIV test,BIO-RAD LABORATORIES (FRANCE),SKU0025,"#108853** HIV, Genie II HIV-1/HIV-2 Kit, 40 Tests",Genie,40,476,36176,76,1.9,Bio-Rad Laboratories,509,5446.51,57.88
392,Côte d'Ivoire,PMO - US,Direct Drop,EXW,Air,19-Mar-09,19-Mar-09,HRDT,HIV test,"Standard Diagnostics, Inc.",SKU0019,"HIV 1/2, Bioline 3.0 Kit, Lancets, Capillary pipets, Alcohol swabs included, 25 Tests",Bioline,25,659,13180,20,0.8,"Standard Diagnostics, Korea",206,2656.12,25.83
398,Guyana,PMO - US,Direct Drop,EXW,Air,9-Apr-08,1-Apr-08,HRDT,HIV test - Ancillary,"Orgenics, Ltd",SKU0022,"HIV, Lancet, Safety, for HIV Test kits, 100 Pcs",Generic,100,240,2.4,0.01,0,Inverness Japan,Weight Captured Separately,Invoiced Separately,0
399,Guyana,PMO - US,Direct Drop,EXW,Air,28-Jul-08,28-Jul-08,HRDT,HIV test - Ancillary,"Orgenics, Ltd",SKU0022,"HIV, Lancet, Safety, for HIV Test kits, 100 Pcs",Generic,100,213,2.13,0.01,0,Inverness Japan,14,360,0
400,Ethiopia,PMO - US,Direct Drop,DDP,,11-Mar-08,11-Mar-08,HRDT,HIV test,TURE PHARMACEUTICALS & MEDICAL SUPPLIES P.L.C.,SKU0024,"HIV 1/2, Capillus HIV Kit, 100 Tests",Capillus,100,63,13399.25,212.69,2.13,"Trinity Biotech, Plc",Weight Captured Separately,Freight Included in Commodity Cost,21.44
410,Zimbabwe,PMO - US,Direct Drop,EXW,Air,17-Nov-08,17-Nov-08,HRDT,HIV test,"Orgenics, Ltd",SKU0017,"HIV 1/2, Determine HIV Kit, without Lancets, 100 Tests",Determine,100,1634,117631.66,71.99,0.72,Inverness Japan,373,4112.46,188.21
411,Nigeria,PMO - US,Direct Drop,EXW,Air,17-Apr-08,17-Apr-08,HRDT,HIV test,"CHEMBIO DIAGNOSTIC SYSTEMS, INC.",SKU0016,"HIV 1/2, Stat-Pak HIV, Kit, 20 Tests",Stat-Pak,20,1425,38475,27,1.35,Chembio Diagnostics Sys. Inc.,483,5468.88,61.56
414,Namibia,PMO - US,Direct Drop,EXW,Air,4-Jun-08,4-Jun-08,HRDT,HIV test,"Orgenics, Ltd",SKU0017,"HIV 1/2, Determine HIV Kit, without Lancets, 100 Tests",Determine,100,142,10222.58,71.99,0.72,Inverness Japan,33,1715.17,16.36
420,Vietnam,PMO - US,Direct Drop,EXW,Air,3-Jun-08,3-Jun-08,ARV,Adult,MYLAN LABORATORIES LTD (FORMERLY MATRIX LABORATORIES),SKU0026,"Efavirenz 600mg, tablets, 30 Tabs",Generic,30,8400,96432,11.48,0.38,Mylan (formerly Matrix) Nashik,654,4051.34,154.29
422,South Africa,PMO - US,Direct Drop,DDP,Truck,24-Apr-08,24-Apr-08,ARV,Adult,S. BUYS WHOLESALER,SKU0027,"Saquinavir 200mg [Invirase], capsules, 270 Caps",Invirase,270,6,405.06,67.51,0.25,Roche Basel,Weight Captured Separately,Freight Included in Commodity Cost,0.65
423,South Africa,PMO - US,Direct Drop,DDP,Truck,24-Apr-08,24-Apr-08,ARV,Pediatric,S. BUYS WHOLESALER,SKU0023,"Stavudine 1mg/ml [Zerit], powder for oral solution, Bottle, 200 ml",Zerit,200,600,870,1.45,0.01,"BMS Meymac, France",Weight Captured Separately,Freight Included in Commodity Cost,1.39
438,Vietnam,PMO - US,Direct Drop,CIP,Air,12-Jul-08,12-Jul-08,ARV,Pediatric,BRISTOL-MYERS SQUIBB,SKU0028,"Didanosine 25mg [Videx], chewable tablets, 60 Tabs",Videx,60,400,2800,7,0.12,"BMS Meymac, France",81,2211.05,4.48
459,South Africa,PMO - US,Direct Drop,DDP,,25-Apr-08,7-Apr-08,ARV,Pediatric,S. BUYS WHOLESALER,SKU0028,"Didanosine 25mg [Videx], chewable tablets, 60 Tabs",Videx,60,6,77.1,12.85,0.21,"BMS Meymac, France",Weight Captured Separately,Freight Included in Commodity Cost,0.12
464,Nigeria,PMO - US,Direct Drop,EXW,Air,9-Jul-08,9-Jul-08,HRDT,HIV test,"Orgenics, Ltd",SKU0017,"HIV 1/2, Determine HIV Kit, without Lancets, 100 Tests",Determine,100,5498,439785.02,79.99,0.8,Inverness Japan,1251,16090.22,703.66
465,Nigeria,PMO - US,Direct Drop,EXW,Air,9-Jul-08,4-Jul-08,HRDT,HIV test - Ancillary,"Orgenics, Ltd",SKU0022,"HIV, Lancet, Safety, for HIV Test kits, 100 Pcs",Generic,100,5498,54.98,0.01,0,Inverness Japan,Weight Captured Separately,Invoiced Separately,0.09
466,Ethiopia,PMO - US,Direct Drop,DDP,Air,9-May-08,9-May-08,HRDT,HIV test,TURE PHARMACEUTICALS & MEDICAL SUPPLIES P.L.C.,SKU0009,"HIV 1/2, Uni-Gold HIV Kit, 20 Tests",Uni-Gold,20,15,691.42,46.09,2.3,"Trinity Biotech, Plc",Weight Captured Separately,Freight Included in Commodity Cost,1.11
530,Vietnam,PMO - US,Direct Drop,EXW,Air,19-Sep-08,19-Sep-08,ARV,Adult,MYLAN LABORATORIES LTD (FORMERLY MATRIX LABORATORIES),SKU0029,"Tenofovir Disoproxil Fumarate 300mg, tablets, 30 Tabs",Generic,30,1344,18359.04,13.66,0.46,Mylan (formerly Matrix) Nashik,1537,13507.92,29.37
531,South Africa,PMO - US,Direct Drop,DDP,Truck,20-Aug-08,20-Aug-08,ARV,Adult,S. BUYS WHOLESALER,SKU0030,"Stavudine 20mg [Zerit], capsules, 60 Caps",Zerit,60,20,103.4,5.17,0.09,"BMS Meymac, France",Weight Captured Separately,Freight Included in Commodity Cost,0.2
532,South Africa,PMO - US,Direct Drop,DDP,Truck,20-Aug-08,8-May-08,ARV,Adult,S. BUYS WHOLESALER,SKU0031,"Didanosine EC 250mg [Videx EC], delayed-release capsules, Blister 3 x 10 Caps",Videx EC,30,100,1906,19.06,0.64,"BMS Meymac, France",Weight Captured Separately,Freight Included in Commodity Cost,3.05
533,South Africa,PMO - US,Direct Drop,DDP,Truck,20-Aug-08,8-May-08,ARV,Pediatric,S. BUYS WHOLESALER,SKU0023,"Stavudine 1mg/ml [Zerit], powder for oral solution, Bottle, 200 ml",Zerit,200,670,1025.1,1.53,0.01,"BMS Meymac, France",Weight Captured Separately,Freight Included in Commodity Cost,1.64
535,Tanzania,PMO - US,Direct Drop,CIP,Air,2-Sep-08,2-Sep-08,ARV,Adult,BRISTOL-MYERS SQUIBB,SKU0032,"Didanosine EC 400mg [Videx EC], delayed-release capsules, Blister 3 x 10 Caps",Videx EC,30,2597,61470.99,23.67,0.79,"BMS Meymac, France",117,645.1,98.35
543,Haiti,PMO - US,Direct Drop,EXW,Air,30-Sep-08,30-Sep-08,HRDT,HIV test,Orasure Technologies Inc.,SKU0018,"HIV 1/2, OraQuick Advance HIV Rapid Antibody Kit, 100 Tests",OraQuick,100,28,9800,350,3.5,"Pacific Biotech, Thailand",109,782.13,15.68
551,Haiti,PMO - US,Direct Drop,EXW,Air,24-Nov-08,24-Nov-08,HRDT,HIV test,"Trinity Biotech, Plc",SKU0024,"HIV 1/2, Capillus HIV Kit, 100 Tests",Capillus,100,84,11676,139,1.39,"Trinity Biotech, Plc",54,871.57,22.88
598,South Africa,PMO - US,Direct Drop,DDP,Truck,12-Jun-08,9-Jun-08,ARV,Adult,S. BUYS WHOLESALER,SKU0033,"Abacavir 300mg [Ziagen], tablets, Blister 6 x 10 Tabs",Ziagen,60,30,1049.4,34.98,0.58,GSK Ware (UK),Weight Captured Separately,Freight Included in Commodity Cost,1.68
610,Vietnam,PMO - US,Direct Drop,EXW,Air,19-Sep-08,19-Sep-08,ARV,Adult,Aurobindo Pharma Limited,SKU0003,"Lamivudine 150mg, tablets, 60 Tabs",Generic,60,38640,92736,2.4,0.04,"Aurobindo Unit III, India",2719,18614.72,148.38
630,Nigeria,PMO - US,Direct Drop,EXW,Air,25-Feb-09,9-Sep-08,ACT,ACT,IDA FOUNDATION,SKU0034,"Artemether/Lumefantrine 20/120mg [Coartem], scored tablets, Blister 30 x 18 Tabs",Coartem,540,34,1547.68,45.52,0.08,"Novartis Pharma AG, Switzerland",115,1755.87,2.48
637,Vietnam,PMO - US,Direct Drop,EXW,Air,8-Oct-08,8-Oct-08,ARV,Adult,Aurobindo Pharma Limited,SKU0004,"Stavudine 30mg, capsules, 60 Caps",Generic,60,42000,60900,1.45,0.02,"Aurobindo Unit III, India",2600,10179.16,97.44
646,South Africa,PMO - US,Direct Drop,DDP,Truck,10-Jul-08,8-Jul-08,ARV,Pediatric,S. BUYS WHOLESALER,SKU0035,"Nevirapine 10mg/ml [Viramune], oral suspension, Bottle, 240 ml",Viramune,240,50,696.5,13.93,0.06,"BI, Ingelheim, Germany",Weight Captured Separately,Freight Included in Commodity Cost,1.11
660,Vietnam,PMO - US,Direct Drop,EXW,Air,27-Nov-08,27-Nov-08,ARV,Adult,MYLAN LABORATORIES LTD (FORMERLY MATRIX LABORATORIES),SKU0026,"Efavirenz 600mg, tablets, 30 Tabs",Generic,30,16800,171192,10.19,0.34,Mylan (formerly Matrix) Nashik,1224,4686.88,335.54
668,Guyana,PMO - US,Direct Drop,CIP,Air,15-Aug-08,15-Aug-08,MRDT,Malaria,ZEPHYR BIOMEDICALS,SKU0036,"Malaria Paramax-3 Kit, 25 Tests",Paramax,25,98,3675,37.5,1.5,Not Applicable,34,180,5.88
670,Zambia,PMO - US,Direct Drop,EXW,Air,20-Oct-08,20-Oct-08,HRDT,HIV test,"Orgenics, Ltd",SKU0017,"HIV 1/2, Determine HIV Kit, without Lancets, 100 Tests",Determine,100,4500,323955,71.99,0.72,Inverness Japan,1053,11062.05,634.95
712,Namibia,PMO - US,Direct Drop,EXW,Air,18-Sep-08,18-Sep-08,HRDT,HIV test,"Trinity Biotech, Plc",SKU0009,"HIV 1/2, Uni-Gold HIV Kit, 20 Tests",Uni-Gold,20,10,320,32,1.6,"Trinity Biotech, Plc",Weight Captured Separately,Invoiced Separately,0.51
717,Côte d'Ivoire,PMO - US,Direct Drop,EXW,Air,2-Oct-08,2-Oct-08,HRDT,HIV test,BIO-RAD LABORATORIES (FRANCE),SKU0025,"#108853** HIV, Genie II HIV-1/HIV-2 Kit, 40 Tests",Genie,40,500,38000,76,1.9,Bio-Rad Laboratories,562,11298.13,60.8
719,Côte d'Ivoire,PMO - US,Direct Drop,EXW,Air,23-Jan-09,23-Jan-09,ACT,ACT,IDA FOUNDATION,SKU0037,"Artesunate+Amodiaquine 50+153mg, tablets, co-blister 6+6 Tabs",Generic,12,25000,9750,0.39,0.03,Ipca Dadra/Nagar Haveli IN,1708,12830.91,19.11
772,Nigeria,PMO - US,Direct Drop,CIP,Air,10-Mar-09,8-Apr-09,ARV,Adult,MERCK SHARP & DOHME IDEA GMBH (FORMALLY MERCK SHARP & DOHME B.V.),SKU0038,"Efavirenz/Emtricitabine/Tenofovir Disoproxil Fumarate 600/200/300mg [Atripla], tablets, 30 Tabs",Atripla,30,9,453.6,50.4,1.68,"MSD, Haarlem, NL",Weight Captured Separately,Freight Included in Commodity Cost,0.89
791,Namibia,PMO - US,Direct Drop,EXW,Air,29-Oct-08,29-Oct-08,HRDT,HIV test,"Orgenics, Ltd",SKU0017,"HIV 1/2, Determine HIV Kit, without Lancets, 100 Tests",Determine,100,150,10798.5,71.99,0.72,Inverness Japan,46,2698.04,21.17
796,Botswana,PMO - US,Direct Drop,EXW,Air,28-Nov-08,28-Nov-08,HRDT,HIV test - Ancillary,"Trinity Biotech, Plc",SKU0039,"#109436**HIV 1, Uni-Gold Recombigen HIV Control, Vial 2 x 0.5 ml",Uni-Gold,2,15,450,30,15,"Trinity Biotech, Plc",1,578.01,0.88
797,Zambia,PMO - US,Direct Drop,EXW,Air,23-Jan-09,23-Jan-09,HRDT,HIV test,"Standard Diagnostics, Inc.",SKU0019,"HIV 1/2, Bioline 3.0 Kit, Lancets, Capillary pipets, Alcohol swabs included, 25 Tests",Bioline,25,319,6380,20,0.8,"Standard Diagnostics, Korea",100,1122.24,12.5
835,South Africa,PMO - US,Direct Drop,DDP,Truck,17-May-09,9-Oct-08,ARV,Adult,S. BUYS WHOLESALER,SKU0021,"Tenofovir Disoproxil Fumarate 300mg [Viread], tablets, 30 Tabs",Viread,30,80,1830.4,22.88,0.76,"Aspen-OSD, Port Elizabeth, SA",Weight Captured Separately,Freight Included in Commodity Cost,3.59
836,South Africa,PMO - US,Direct Drop,DDP,Truck,17-May-09,17-May-09,ARV,Adult,S. BUYS WHOLESALER,SKU0021,"Tenofovir Disoproxil Fumarate 300mg [Viread], tablets, 30 Tabs",Viread,30,120,2745.6,22.88,0.76,"Aspen-OSD, Port Elizabeth, SA",Weight Captured Separately,Freight Included in Commodity Cost,5.38
837,South Africa,PMO - US,Direct Drop,DDP,Truck,17-May-09,9-Oct-08,ARV,Pediatric,S. BUYS WHOLESALER,SKU0023,"Stavudine 1mg/ml [Zerit], powder for oral solution, Bottle, 200 ml",Zerit,200,600,858,1.43,0.01,"BMS Meymac, France",Weight Captured Separately,Freight Included in Commodity Cost,1.68
838,South Africa,PMO - US,Direct Drop,DDP,Truck,17-May-09,9-Oct-08,ARV,Pediatric,S. BUYS WHOLESALER,SKU0040,"Didanosine 100mg [Videx],chewable tablets, 60 Tabs",Videx,60,7,91.35,13.05,0.22,"BMS Meymac, France",Weight Captured Separately,Freight Included in Commodity Cost,0.18
2947,Vietnam,PMO - US,Direct Drop,EXW,Air,22-Jan-08,22-Jan-08,ARV,Adult,Aurobindo Pharma Limited,SKU0041,"Stavudine 15mg, capsules, 60 Caps",Generic,60,400,600,1.5,0.02,"Aurobindo Unit III, India",83,2426.05,0.96
839,South Africa,PMO - US,Direct Drop,DDP,Truck,17-May-09,9-Oct-08,ARV,Pediatric,S. BUYS WHOLESALER,SKU0042,"Lopinavir/Ritonavir 80/20mg/ml [Kaletra], oral solution, cool, Bottle 5 x 60 ml",Kaletra,300,40,1375.6,34.39,0.11,ABBVIE (Abbott) Logis. UK,Weight Captured Separately,Freight Included in Commodity Cost,2.7
849,Guyana,PMO - US,Direct Drop,CIP,Air,6-Feb-09,6-Feb-09,MRDT,Malaria,ZEPHYR BIOMEDICALS,SKU0036,"Malaria Paramax-3 Kit, 25 Tests",Paramax,25,108,4050,37.5,1.5,Not Applicable,Weight Captured Separately,Freight Included in Commodity Cost,7.94
858,Tanzania,PMO - US,Direct Drop,CIP,Air,21-Apr-09,21-Apr-09,ARV,Adult,MERCK SHARP & DOHME IDEA GMBH (FORMALLY MERCK SHARP & DOHME B.V.),SKU0038,"Efavirenz/Emtricitabine/Tenofovir Disoproxil Fumarate 600/200/300mg [Atripla], tablets, 30 Tabs",Atripla,30,50000,2520000,50.4,1.68,"MSD, Haarlem, NL",4093,9339,4939.2
914,Côte d'Ivoire,PMO - US,Direct Drop,EXW,Air,2-Mar-09,2-Mar-09,ANTM,Malaria,IDA FOUNDATION,SKU0043,"Quinine 600mg/2ml (as dihydrochloride), injection, 2ml x 100 Ampules",Generic,100,140,2731.4,19.51,0.2,Gland Pharma Ltd Pally Factory,5209,25405.22,5.35
937,Mozambique,PMO - US,Direct Drop,EXW,Air,23-Mar-09,23-Mar-09,HRDT,HIV test,"Trinity Biotech, Plc",SKU0009,"HIV 1/2, Uni-Gold HIV Kit, 20 Tests",Uni-Gold,20,5700,182400,32,1.6,"Trinity Biotech, Plc",1906,23914.8,357.5
960,Vietnam,PMO - US,Direct Drop,EXW,Air,10-Apr-09,10-Apr-09,ARV,Adult,Aurobindo Pharma Limited,SKU0011,"Lamivudine/Zidovudine 150/300mg, tablets, 60 Tabs",Generic,60,5964,51350.04,8.61,0.14,"Aurobindo Unit III, India",3509,12835.2,100.65
961,Vietnam,PMO - US,Direct Drop,EXW,Air,10-Apr-09,10-Apr-09,ARV,Adult,Aurobindo Pharma Limited,SKU0003,"Lamivudine 150mg, tablets, 60 Tabs",Generic,60,21000,50400,2.4,0.04,"Aurobindo Unit III, India",See ASN-3562 (ID#:960),See ASN-3562 (ID#:960),98.78
962,Vietnam,PMO - US,Direct Drop,EXW,Air,23-Mar-09,23-Mar-09,ARV,Adult,CIPLA LIMITED,SKU0044,"Lamivudine/Nevirapine/Stavudine 150/200/30mg, tablets, 60 Tabs",Generic,60,10560,72864,6.9,0.12,"Cipla, Goa, India",924,4225.93,142.81
979,Vietnam,PMO - US,Direct Drop,EXW,Air,16-Mar-09,16-Mar-09,ARV,Adult,Aurobindo Pharma Limited,SKU0011,"Lamivudine/Zidovudine 150/300mg, tablets, 60 Tabs",Generic,60,2352,20250.72,8.61,0.14,"Aurobindo Unit III, India",211,892.5,39.69
985,Tanzania,PMO - US,Direct Drop,FCA,Air,28-May-09,28-May-09,ARV,Pediatric,ABBVIE LOGISTICS (FORMERLY ABBOTT LOGISTICS BV),SKU0042,"Lopinavir/Ritonavir 80/20mg/ml [Kaletra], oral solution, cool, Bottle 5 x 60 ml",Kaletra,300,524,21536.4,41.1,0.14,ABBVIE (Abbott) Logis. UK,644,6668.61,42.21
986,Tanzania,PMO - US,Direct Drop,FCA,Air,4-May-09,4-May-09,ARV,Pediatric,ABBVIE LOGISTICS (FORMERLY ABBOTT LOGISTICS BV),SKU0045,"Lopinavir/Ritonavir 100/25mg [Aluvia], tablets, 60 Tabs",Generic,60,2094,21526.32,10.28,0.17,ABBVIE Ludwigshafen Germany,237,Freight Included in Commodity Cost,42.19
993,Rwanda,PMO - US,Direct Drop,EXW,Air,28-Apr-09,28-Apr-09,HRDT,HIV test,Premier Medical Corporation Ltd.,SKU0013,"HIV 1/2/O, First Response HIV 1-2.0, v.3.0 Cards Kit, 30 Tests",First Response,30,8249,185602.5,22.5,0.75,Premier Med. Corp Ltd. India,2800,12595.81,363.78
1037,Nigeria,PMO - US,Direct Drop,CIP,Air,30-Sep-09,30-Sep-09,ARV,Adult,BRISTOL-MYERS SQUIBB,SKU0032,"Didanosine EC 400mg [Videx EC], delayed-release capsules, Blister 3 x 10 Caps",Videx EC,30,200,4734,23.67,0.79,"BMS Meymac, France",11,463,9.28
1046,Haiti,PMO - US,Direct Drop,CIP,Air,31-Mar-09,31-Mar-09,ARV,Pediatric,BRISTOL-MYERS SQUIBB,SKU0046,"Didanosine 50mg [Videx], chewable tablets, 60 Tabs",Videx,60,80,760,9.5,0.16,"BMS Meymac, France",43,260,1.49
1047,Haiti,PMO - US,Direct Drop,CIP,Air,31-Mar-09,31-Mar-09,ARV,Pediatric,BRISTOL-MYERS SQUIBB,SKU0015,"Didanosine 2g [Videx], powder for oral solution 10mg/ml, reconstitute to 200 ml",Videx,200,32,402.88,12.59,0.06,"BMS Meymac, France",See ASN-3675 (ID#:1046),See ASN-3675 (ID#:1046),0.79
1048,Haiti,PMO - US,Direct Drop,FCA,Air,15-Apr-09,15-Apr-09,ARV,Pediatric,ABBVIE LOGISTICS (FORMERLY ABBOTT LOGISTICS BV),SKU0045,"Lopinavir/Ritonavir 100/25mg [Aluvia], tablets, 60 Tabs",Generic,60,46,472.88,10.28,0.17,ABBVIE Ludwigshafen Germany,10,893.22,0.93
1063,South Africa,PMO - US,Direct Drop,DDP,Air,31-Mar-09,2-Dec-08,ARV,Adult,S. BUYS WHOLESALER,SKU0026,"Efavirenz 600mg, tablets, 30 Tabs",Generic,30,3025,47522.75,15.71,0.52,"Aurobindo Unit III, India",Weight Captured Separately,Freight Included in Commodity Cost,93.14
1065,South Africa,PMO - US,Direct Drop,DDP,Air,7-Apr-09,3-Dec-08,ARV,Adult,S. BUYS WHOLESALER,SKU0026,"Efavirenz 600mg, tablets, 30 Tabs",Generic,30,3500,49840,14.24,0.47,"Cipla, Goa, India",Weight Captured Separately,Freight Included in Commodity Cost,97.69
1066,South Africa,PMO - US,Direct Drop,DDP,Air,7-Apr-09,3-Dec-08,ARV,Pediatric,S. BUYS WHOLESALER,SKU0005,"Zidovudine 10mg/ml, oral solution, Bottle, 240 ml",Generic,240,1008,3588.48,3.56,0.01,"Aurobindo Unit III, India",Weight Captured Separately,Freight Included in Commodity Cost,7.03
1067,South Africa,PMO - US,Direct Drop,DDP,Air,5-May-09,23-Dec-08,ARV,Pediatric,S. BUYS WHOLESALER,SKU0023,"Stavudine 1mg/ml [Zerit], powder for oral solution, Bottle, 200 ml",Zerit,200,960,1152,1.2,0.01,"BMS Meymac, France",Weight Captured Separately,Freight Included in Commodity Cost,2.26
1068,South Africa,PMO - US,Direct Drop,DDP,Air,12-May-09,30-Dec-08,ARV,Pediatric,S. BUYS WHOLESALER,SKU0047,"Lamivudine 10mg/ml [Epivir], oral solution, Bottle, 240 ml",Epivir,240,1800,10512,5.84,0.02,GSK Mississauga (Canada),Weight Captured Separately,Freight Included in Commodity Cost,20.6
1070,South Africa,PMO - US,Direct Drop,DDP,Air,31-Mar-09,21-Nov-08,ARV,Adult,S. BUYS WHOLESALER,SKU0004,"Stavudine 30mg, capsules, 60 Caps",Generic,60,1200,3384,2.82,0.05,"Aurobindo Unit III, India",Weight Captured Separately,Freight Included in Commodity Cost,6.63
1077,South Africa,PMO - US,Direct Drop,DDP,Air,25-Jun-09,21-Apr-09,ARV,Pediatric,S. BUYS WHOLESALER,SKU0048,"Lamivudine 10mg/ml, oral solution, Bottle, 240 ml",Generic,240,346,1954.9,5.65,0.02,"Aurobindo Unit III, India",Weight Captured Separately,Freight Included in Commodity Cost,3.83
1078,South Africa,PMO - US,Direct Drop,DDP,Truck,25-Jun-09,5-Jun-09,ARV,Pediatric,S. BUYS WHOLESALER,SKU0049,"Efavirenz 50mg, capsule, 30 Caps",Generic,30,5300,16642,3.14,0.1,"Aurobindo Unit III, India",Weight Captured Separately,Freight Included in Commodity Cost,32.62
1079,South Africa,PMO - US,Direct Drop,DDP,Air,25-Jun-09,17-Jun-09,ARV,Pediatric,S. BUYS WHOLESALER,SKU0048,"Lamivudine 10mg/ml, oral solution, Bottle, 240 ml",Generic,240,342,1932.3,5.65,0.02,"Aurobindo Unit III, India",Weight Captured Separately,Freight Included in Commodity Cost,3.79
1080,South Africa,PMO - US,Direct Drop,DDP,Truck,19-Aug-09,19-Aug-09,ARV,Adult,S. BUYS WHOLESALER,SKU0050,"Stavudine 15mg [Zerit], capsules, 60 Caps",Zerit,60,2700,10665,3.95,0.07,"BMS Meymac, France",Weight Captured Separately,Freight Included in Commodity Cost,20.9
1084,South Africa,PMO - US,Direct Drop,DDP,Air,25-Jun-09,14-Apr-09,ARV,Adult,S. BUYS WHOLESALER,SKU0008,"Lopinavir/Ritonavir 200/50mg [Aluvia], tablets, 120 Tabs",Aluvia,120,3735,134385.3,35.98,0.3,ABBVIE Ludwigshafen Germany,Weight Captured Separately,Freight Included in Commodity Cost,263.4
1085,South Africa,PMO - US,Direct Drop,DDP,Air,25-Jun-09,29-Apr-09,ARV,Adult,S. BUYS WHOLESALER,SKU0051,"Zidovudine 300mg [Retrovir], tablets, 60 Tabs",Retrovir,60,6000,80640,13.44,0.22,GSK Aranda,Weight Captured Separately,Freight Included in Commodity Cost,158.05
1086,South Africa,PMO - US,Direct Drop,DDP,Air,25-Jun-09,20-Apr-09,ARV,Adult,S. BUYS WHOLESALER,SKU0004,"Stavudine 30mg, capsules, 60 Caps",Generic,60,11672,35016,3,0.05,"Aurobindo Unit III, India",Weight Captured Separately,Freight Included in Commodity Cost,68.63
1095,Botswana,PMO - US,Direct Drop,EXW,Air,13-Nov-09,13-Nov-09,HRDT,HIV test,Orasure Technologies Inc.,SKU0018,"HIV 1/2, OraQuick Advance HIV Rapid Antibody Kit, 100 Tests",OraQuick,100,20,7000,350,3.5,"Pacific Biotech, Thailand",48,1172.11,13.72
1109,Côte d'Ivoire,PMO - US,Direct Drop,FCA,Air,30-Jun-09,30-Jun-09,ARV,Adult,ABBVIE LOGISTICS (FORMERLY ABBOTT LOGISTICS BV),SKU0008,"Lopinavir/Ritonavir 200/50mg [Aluvia], tablets, 120 Tabs",Aluvia,120,10240,420864,41.1,0.34,ABBVIE Ludwigshafen Germany,2523,14806.48,824.89
1110,Côte d'Ivoire,PMO - US,Direct Drop,FCA,Air,22-Jul-09,22-Jul-09,ARV,Adult,ABBVIE LOGISTICS (FORMERLY ABBOTT LOGISTICS BV),SKU0052,"Ritonavir 100mg [Norvir], capsules, cool, 4 x 84 Caps",Norvir,336,400,15344,38.36,0.11,ABBVIE (Abbott) Logis. UK,175,7642.97,30.07
1111,South Africa,PMO - US,Direct Drop,DDP,Truck,31-Jul-09,21-Apr-09,ARV,Pediatric,S. BUYS WHOLESALER,SKU0042,"Lopinavir/Ritonavir 80/20mg/ml [Kaletra], oral solution, cool, Bottle 5 x 60 ml",Kaletra,300,30,1080,36,0.12,ABBVIE (Abbott) Logis. UK,Weight Captured Separately,Freight Included in Commodity Cost,2.12
1114,South Africa,PMO - US,Direct Drop,DDP,Truck,15-May-09,17-Apr-09,ARV,Adult,S. BUYS WHOLESALER,SKU0053,"Emtricitabine/Tenofovir Disoproxil Fumarate 200/300mg [Truvada], tablets, 30 Tabs",Truvada,30,80,2816,35.2,1.17,"Aspen-OSD, Port Elizabeth, SA",Weight Captured Separately,Freight Included in Commodity Cost,5.52
1115,South Africa,PMO - US,Direct Drop,DDP,Truck,15-May-09,23-Apr-09,ARV,Adult,S. BUYS WHOLESALER,SKU0014,"Zidovudine 300mg, tablets, 60 Tabs",Generic,60,1000,19770,19.77,0.33,"Aurobindo Unit III, India",Weight Captured Separately,3134.85,38.75
1122,Haiti,PMO - US,Direct Drop,EXW,Air,16-Sep-09,16-Sep-09,HRDT,HIV test,Orasure Technologies Inc.,SKU0018,"HIV 1/2, OraQuick Advance HIV Rapid Antibody Kit, 100 Tests",OraQuick,100,60,21000,350,3.5,"Pacific Biotech, Thailand",144,3128.19,41.16
1134,Kenya,PMO - US,Direct Drop,EXW,Air,10-Jul-09,10-Jul-09,HRDT,HIV test,"Orgenics, Ltd",SKU0002,"HIV 1/2, Determine Complete HIV Kit, 100 Tests",Determine,100,7500,600000,80,0.8,Inverness Japan,2215,16835.31,1176
1140,Nigeria,PMO - US,Direct Drop,EXW,Air,18-Aug-09,18-Aug-09,HRDT,HIV test,"Orgenics, Ltd",SKU0002,"HIV 1/2, Determine Complete HIV Kit, 100 Tests",Determine,100,6395,511600,80,0.8,Inverness Japan,1915,24514.33,1002.74
1156,Rwanda,PMO - US,Direct Drop,CIP,Air,25-Jul-09,25-Jul-09,ARV,Adult,HETERO LABS LIMITED,SKU0026,"Efavirenz 600mg, tablets, 30 Tabs",Generic,30,55356,386384.88,6.98,0.23,Hetero Unit III Hyderabad IN,4482,37404.74,757.31
1162,Côte d'Ivoire,PMO - US,Direct Drop,EXW,Air,15-Sep-09,15-Sep-09,HRDT,HIV test,BIO-RAD LABORATORIES (FRANCE),SKU0025,"#108853** HIV, Genie II HIV-1/HIV-2 Kit, 40 Tests",Genie,40,1000,110000,110,2.75,Bio-Rad Laboratories,1101,8074.03,215.6
1179,Vietnam,PMO - US,Direct Drop,FCA,Air,17-Jul-09,17-Jul-09,ARV,Adult,ABBVIE LOGISTICS (FORMERLY ABBOTT LOGISTICS BV),SKU0052,"Ritonavir 100mg [Norvir], capsules, cool, 4 x 84 Caps",Norvir,336,8,613.76,76.72,0.23,ABBVIE (Abbott) France,48,3366.04,1.2
1183,Vietnam,PMO - US,Direct Drop,EXW,Air,10-Jul-09,10-Jul-09,ARV,Adult,Aurobindo Pharma Limited,SKU0054,"Lamivudine/Nevirapine/Zidovudine 150/200/300mg, tablets, 60 Tabs",Generic,60,3500,39025,11.15,0.19,"Aurobindo Unit III, India",1804,6341.88,76.49
1196,Botswana,PMO - US,Direct Drop,EXW,Air,12-Jun-09,10-Jul-09,HRDT,HIV test,Orasure Technologies Inc.,SKU0018,"HIV 1/2, OraQuick Advance HIV Rapid Antibody Kit, 100 Tests",OraQuick,100,5,1750,350,3.5,"Pacific Biotech, Thailand",12,684.42,3.43
1198,Namibia,PMO - US,Direct Drop,EXW,Air,1-Sep-09,1-Sep-09,HRDT,HIV test,"Orgenics, Ltd",SKU0055,"HIV 1/2, Clearview Complete Kit, 25 Tests",Clearview,25,67,5025,75,3,Chembio Diagnostics Sys. Inc.,48,401.97,9.85
1213,Vietnam,PMO - US,Direct Drop,CIP,Air,28-Jul-09,28-Jul-09,ARV,Pediatric,BRISTOL-MYERS SQUIBB,SKU0028,"Didanosine 25mg [Videx], chewable tablets, 60 Tabs",Videx,60,400,2800,7,0.12,"BMS Meymac, France",148,14.36,5.49
1215,Namibia,PMO - US,Direct Drop,EXW,Air,29-Jun-09,29-Jun-09,HRDT,HIV test,"Trinity Biotech, Plc",SKU0009,"HIV 1/2, Uni-Gold HIV Kit, 20 Tests",Uni-Gold,20,220,7040,32,1.6,"Trinity Biotech, Plc",79,1736.18,13.8
1221,South Africa,PMO - US,Direct Drop,DDP,Truck,28-Jul-09,28-Jul-09,ARV,Adult,S. BUYS WHOLESALER,SKU0056,"Ritonavir 100mg [Norvir], capsules, cool, 84 Caps",Norvir,84,50,490,9.8,0.12,ABBVIE (Abbott) Logis. UK,Weight Captured Separately,Freight Included in Commodity Cost,0.96
1222,South Africa,PMO - US,Direct Drop,DDP,Truck,12-Oct-09,5-Aug-09,ARV,Adult,S. BUYS WHOLESALER,SKU0003,"Lamivudine 150mg, tablets, 60 Tabs",Generic,60,5000,41300,8.26,0.14,"Aurobindo Unit III, India",Weight Captured Separately,Freight Included in Commodity Cost,80.95
1223,South Africa,PMO - US,Direct Drop,DDP,Truck,12-Oct-09,28-Jul-09,ARV,Pediatric,S. BUYS WHOLESALER,SKU0047,"Lamivudine 10mg/ml [Epivir], oral solution, Bottle, 240 ml",Epivir,240,460,2838.2,6.17,0.03,GSK Mississauga (Canada),Weight Captured Separately,Freight Included in Commodity Cost,5.56
1245,Côte d'Ivoire,PMO - US,Direct Drop,EXW,Air,27-Jun-06,27-Jun-06,HRDT,HIV test,BIO-RAD LABORATORIES (FRANCE),SKU0025,"#108853** HIV, Genie II HIV-1/HIV-2 Kit, 40 Tests",Genie,40,147,11076.45,75.35,1.88,Bio-Rad Laboratories,165,1816.57,
1246,Côte d'Ivoire,PMO - US,Direct Drop,EXW,Air,14-Jul-06,14-Jul-06,HRDT,HIV test,Orasure Technologies Inc.,SKU0018,"HIV 1/2, OraQuick Advance HIV Rapid Antibody Kit, 100 Tests",OraQuick,100,6,2400,400,4,"Pacific Biotech, Thailand",15,1039.5,
1251,Vietnam,PMO - US,Direct Drop,CIP,Air,16-Nov-06,16-Nov-06,ARV,Pediatric,BRISTOL-MYERS SQUIBB,SKU0028,"Didanosine 25mg [Videx], chewable tablets, 60 Tabs",Videx,60,2800,19600,7,0.12,"BMS Meymac, France",555,3292.15,
1262,Haiti,PMO - US,Direct Drop,EXW,Air,9-Nov-06,9-Nov-06,HRDT,HIV test,Orasure Technologies Inc.,SKU0018,"HIV 1/2, OraQuick Advance HIV Rapid Antibody Kit, 100 Tests",OraQuick,100,15,6000,400,4,"Pacific Biotech, Thailand",36,1195.29,
1279,Zimbabwe,PMO - US,Direct Drop,CIP,Air,7-Nov-06,7-Nov-06,ARV,Adult,INTERNATIONAL HEALTHCARE DISTRIBUTORS,SKU0057,"Lopinavir/Ritonavir 133.3/33.3mg [Kaletra], capsules, cool, 2 x 90 Caps",Kaletra,180,260,11096.8,42.68,0.24,ABBVIE (Abbott) St. P'burg USA,135,Freight Included in Commodity Cost,
1281,Nigeria,PMO - US,Direct Drop,EXW,Air,7-Dec-06,7-Dec-06,ARV,Adult,Aurobindo Pharma Limited,SKU0003,"Lamivudine 150mg, tablets, 60 Tabs",Generic,60,894,2994.9,3.35,0.06,"Aurobindo Unit III, India",479,4861.14,
1282,Vietnam,PMO - US,Direct Drop,EXW,Air,14-Mar-07,14-Mar-07,ARV,Adult,CIPLA LIMITED,SKU0011,"Lamivudine/Zidovudine 150/300mg, tablets, 60 Tabs",Generic,60,25100,276100,11,0.18,"Cipla, Goa, India",2575,18772.94,
1283,Vietnam,PMO - US,Direct Drop,EXW,Air,14-Mar-07,14-Mar-07,ARV,Adult,STRIDES ARCOLAB LIMITED,SKU0004,"Stavudine 30mg, capsules, 60 Caps",Generic,60,95500,144205,1.51,0.03,"Strides, Bangalore, India.",9170,42453.21,
1285,Guyana,PMO - US,Direct Drop,EXW,Air,29-Dec-06,29-Dec-06,HRDT,HIV test,"Trinity Biotech, Plc",SKU0009,"HIV 1/2, Uni-Gold HIV Kit, 20 Tests",Uni-Gold,20,900,36000,40,2,"Trinity Biotech, Plc",316,4989.87,
1295,Mozambique,PMO - US,Direct Drop,CIP,Air,15-Feb-07,15-Feb-07,ARV,Adult,ABBVIE LOGISTICS (FORMERLY ABBOTT LOGISTICS BV),SKU0008,"Lopinavir/Ritonavir 200/50mg [Aluvia], tablets, 120 Tabs",Aluvia,120,80,3288,41.1,0.34,ABBSP,25,Freight Included in Commodity Cost,
1298,Vietnam,PMO - US,Direct Drop,EXW,Air,12-May-07,12-May-07,ARV,Adult,CIPLA LIMITED,SKU0044,"Lamivudine/Nevirapine/Stavudine 150/200/30mg, tablets, 60 Tabs",Generic,60,70000,525000,7.5,0.12,"Cipla, Goa, India",6813,31858.09,
1299,Rwanda,PMO - US,Direct Drop,EXW,Air,27-Feb-07,27-Feb-07,ARV,Adult,CIPLA LIMITED,SKU0026,"Efavirenz 600mg, tablets, 30 Tabs",Generic,30,71577,1087970.4,15.2,0.51,"Cipla, Goa, India",See ASN-242 (ID#:64),See ASN-242 (ID#:64),
1300,Rwanda,PMO - US,Direct Drop,EXW,Air,27-Feb-07,27-Feb-07,ARV,Adult,CIPLA LIMITED,SKU0058,"Abacavir 300mg, tablets, 60 Tabs",Generic,60,5605,202340.5,36.1,0.6,"Cipla, Patalganga, India",See ASN-242 (ID#:64),See ASN-242 (ID#:64),
1303,Ethiopia,PMO - US,Direct Drop,FCA,Air,28-Dec-06,28-Dec-06,HRDT,HIV test,Abbott GmbH & Co. KG,SKU0002,"HIV 1/2, Determine Complete HIV Kit, 100 Tests",Determine,100,200,16000,80,0.8,ABBVIE GmbH & Co.KG Wiesbaden,Weight Captured Separately,Invoiced Separately,
1306,Vietnam,PMO - US,Direct Drop,EXW,Air,24-Aug-07,24-Aug-07,ARV,Adult,CIPLA LIMITED,SKU0044,"Lamivudine/Nevirapine/Stavudine 150/200/30mg, tablets, 60 Tabs",Generic,60,25000,187500,7.5,0.12,"Cipla, Goa, India",2348,21439.59,300
1307,Nigeria,PMO - US,Direct Drop,EXW,Air,15-Mar-07,30-Mar-07,HRDT,HIV test,BIO-RAD LABORATORIES (FRANCE),SKU0025,"#108853** HIV, Genie II HIV-1/HIV-2 Kit, 40 Tests",Genie,40,375,28500,76,1.9,Bio-Rad Laboratories,402,4445.75,
1309,Ethiopia,PMO - US,Direct Drop,EXW,Air,15-Jan-07,15-Jan-07,HRDT,HIV test,Abbott GmbH & Co. KG,SKU0002,"HIV 1/2, Determine Complete HIV Kit, 100 Tests",Determine,100,4650,372000,80,0.8,ABBVIE GmbH & Co.KG Wiesbaden,1707,24859.45,
1337,Côte d'Ivoire,PMO - US,Direct Drop,CIP,Air,23-Oct-07,23-Oct-07,ARV,Pediatric,BRISTOL-MYERS SQUIBB,SKU0046,"Didanosine 50mg [Videx], chewable tablets, 60 Tabs",Videx,60,1577,14981.5,9.5,0.16,"BMS Meymac, France",306,Freight Included in Commodity Cost,23.97
1347,Nigeria,PMO - US,Direct Drop,EXW,Air,7-Sep-07,7-Sep-07,HRDT,HIV test,Abbott GmbH & Co. KG,SKU0002,"HIV 1/2, Determine Complete HIV Kit, 100 Tests",Determine,100,3500,280000,80,0.8,ABBVIE GmbH & Co.KG Wiesbaden,1194,5858.57,448
1350,Côte d'Ivoire,PMO - US,Direct Drop,CIP,Air,2-Oct-07,2-Oct-07,ARV,Pediatric,BRISTOL-MYERS SQUIBB,SKU0046,"Didanosine 50mg [Videx], chewable tablets, 60 Tabs",Videx,60,4270,40565,9.5,0.16,"BMS Meymac, France",Weight Captured Separately,Freight Included in Commodity Cost,64.9
1356,Vietnam,PMO - US,Direct Drop,EXW,Air,2-Oct-07,2-Oct-07,ARV,Pediatric,Aurobindo Pharma Limited,SKU0001,"Nevirapine 10mg/ml, oral suspension, Bottle, 240 ml",Generic,240,1000,1920,1.92,0.01,"Aurobindo Unit III, India",960,13762.41,3.07
1357,Vietnam,PMO - US,Direct Drop,EXW,Air,2-Oct-07,2-Oct-07,ARV,Pediatric,Aurobindo Pharma Limited,SKU0005,"Zidovudine 10mg/ml, oral solution, Bottle, 240 ml",Generic,240,1000,2100,2.1,0.01,"Aurobindo Unit III, India",See ASN-744 (ID#:1356),See ASN-744 (ID#:1356),3.36
1358,Vietnam,PMO - US,Direct Drop,EXW,Air,15-Oct-07,15-Oct-07,ARV,Pediatric,Aurobindo Pharma Limited,SKU0005,"Zidovudine 10mg/ml, oral solution, Bottle, 240 ml",Generic,240,1000,2100,2.1,0.01,"Aurobindo Unit III, India",See ASN-781 (ID#:115),See ASN-781 (ID#:115),3.36
1359,Vietnam,PMO - US,Direct Drop,EXW,Air,15-Oct-07,15-Oct-07,ARV,Adult,Aurobindo Pharma Limited,SKU0054,"Lamivudine/Nevirapine/Zidovudine 150/200/300mg, tablets, 60 Tabs",Generic,60,3000,40500,13.5,0.22,"Aurobindo Unit III, India",332,4454.62,64.8
1360,Vietnam,PMO - US,Direct Drop,EXW,Air,23-Nov-07,23-Nov-07,ARV,Adult,Aurobindo Pharma Limited,SKU0026,"Efavirenz 600mg, tablets, 30 Tabs",Generic,30,22500,277425,12.33,0.41,"Aurobindo Unit III, India",1955,16095.39,443.88
1361,Vietnam,PMO - US,Direct Drop,FCA,Air,27-Aug-07,27-Aug-07,ARV,Adult,ABBVIE LOGISTICS (FORMERLY ABBOTT LOGISTICS BV),SKU0008,"Lopinavir/Ritonavir 200/50mg [Aluvia], tablets, 120 Tabs",Aluvia,120,500,41095,82.19,0.68,ABBVIE Ludwigshafen Germany,117,1767.38,65.75
1383,Tanzania,PMO - US,Direct Drop,EXW,Air,19-Sep-07,19-Sep-07,HRDT,HIV test,"Standard Diagnostics, Inc.",SKU0019,"HIV 1/2, Bioline 3.0 Kit, Lancets, Capillary pipets, Alcohol swabs included, 25 Tests",Bioline,25,10000,200000,20,0.8,"Standard Diagnostics, Korea",3336,25165.3,320
1502,Rwanda,PMO - US,Direct Drop,EXW,Air,28-Jan-08,28-Jan-08,ARV,Adult,ASPEN PHARMACARE,SKU0021,"Tenofovir Disoproxil Fumarate 300mg [Viread], tablets, 30 Tabs",Viread,30,1609,27353,17,0.57,"Aspen-OSD, Port Elizabeth, SA",157,7922.24,43.76
1512,South Africa,PMO - US,Direct Drop,DDP,,29-Jan-08,29-Jan-08,ARV,Pediatric,"JSI R&T INSTITUTE, INC.",SKU0042,"Lopinavir/Ritonavir 80/20mg/ml [Kaletra], oral solution, cool, Bottle 5 x 60 ml",Kaletra,300,30,1447.8,48.26,0.16,ABBVIE (Abbott) Logis. UK,Weight Captured Separately,Freight Included in Commodity Cost,2.32
1513,South Africa,PMO - US,Direct Drop,DDP,,29-Jan-08,29-Jan-08,ARV,Adult,"JSI R&T INSTITUTE, INC.",SKU0032,"Didanosine EC 400mg [Videx EC], delayed-release capsules, Blister 3 x 10 Caps",Videx EC,30,100,2850,28.5,0.95,"BMS Meymac, France",Weight Captured Separately,Freight Included in Commodity Cost,4.56
1519,Vietnam,PMO - US,Direct Drop,FCA,Air,28-Mar-08,28-Mar-08,ARV,Adult,ABBVIE LOGISTICS (FORMERLY ABBOTT LOGISTICS BV),SKU0052,"Ritonavir 100mg [Norvir], capsules, cool, 4 x 84 Caps",Norvir,336,100,18333,183.33,0.55,ABBVIE (Abbott) Logis. UK,337,2535.4,29.33
1527,Nigeria,PMO - US,Direct Drop,EXW,Air,21-Jan-08,21-Jan-08,HRDT,HIV test,"CHEMBIO DIAGNOSTIC SYSTEMS, INC.",SKU0016,"HIV 1/2, Stat-Pak HIV, Kit, 20 Tests",Stat-Pak,20,10000,270000,27,1.35,Chembio Diagnostics Sys. Inc.,3336,28002.75,432
1529,Rwanda,PMO - US,Direct Drop,CIP,Air,28-Jan-08,28-Jan-08,ARV,Adult,MYLAN LABORATORIES LTD (FORMERLY MATRIX LABORATORIES),SKU0058,"Abacavir 300mg, tablets, 60 Tabs",Generic,60,1099,30222.5,27.5,0.46,Mylan (formerly Matrix) Nashik,113,1511.25,48.36
1530,Vietnam,PMO - US,Direct Drop,EXW,Air,1-Feb-08,1-Feb-08,ARV,Adult,Aurobindo Pharma Limited,SKU0059,"Stavudine 20mg, capsules, 60 Caps",Generic,60,1200,2100,1.75,0.03,"Aurobindo Unit III, India",125,2429.85,3.36
1531,Kazakhstan,PMO - US,Direct Drop,DDP,Air,27-Dec-07,27-Dec-07,HRDT,HIV test,Orasure Technologies Inc.,SKU0018,"HIV 1/2, OraQuick Advance HIV Rapid Antibody Kit, 100 Tests",OraQuick,100,50,17500,350,3.5,"Pacific Biotech, Thailand",Weight Captured Separately,Freight Included in Commodity Cost,28
1549,Nigeria,PMO - US,Direct Drop,EXW,Air,5-Feb-08,5-Feb-08,HRDT,HIV test,"Orgenics, Ltd",SKU0017,"HIV 1/2, Determine HIV Kit, without Lancets, 100 Tests",Determine,100,650,51993.5,79.99,0.8,Inverness Japan,148,2577.27,83.19
1587,South Africa,PMO - US,Direct Drop,DDP,,21-Jan-08,4-Jan-08,ARV,Adult,"JSI R&T INSTITUTE, INC.",SKU0030,"Stavudine 20mg [Zerit], capsules, 60 Caps",Zerit,60,100,573,5.73,0.1,"BMS Meymac, France",Weight Captured Separately,Freight Included in Commodity Cost,0.92
1593,Botswana,PMO - US,Direct Drop,EXW,Air,3-Jul-08,3-Jul-08,HRDT,HIV test,"Trinity Biotech, Plc",SKU0009,"HIV 1/2, Uni-Gold HIV Kit, 20 Tests",Uni-Gold,20,450,14400,32,1.6,"Trinity Biotech, Plc",154,2496.62,23.04
1594,Nigeria,PMO - US,Direct Drop,EXW,Air,19-Sep-08,16-Jul-08,HRDT,HIV test,"CHEMBIO DIAGNOSTIC SYSTEMS, INC.",SKU0016,"HIV 1/2, Stat-Pak HIV, Kit, 20 Tests",Stat-Pak,20,10270,277290,27,1.35,Chembio Diagnostics Sys. Inc.,2907,18864.37,443.66
1618,Mozambique,PMO - US,Direct Drop,EXW,Air,27-Mar-08,27-Mar-08,HRDT,HIV test,"Trinity Biotech, Plc",SKU0009,"HIV 1/2, Uni-Gold HIV Kit, 20 Tests",Uni-Gold,20,9000,288000,32,1.6,"Trinity Biotech, Plc",9000,55746.59,460.8
1628,Zambia,PMO - US,Direct Drop,EXW,Air,14-May-08,14-May-08,HRDT,HIV test,"Trinity Biotech, Plc",SKU0009,"HIV 1/2, Uni-Gold HIV Kit, 20 Tests",Uni-Gold,20,6040,193280,32,1.6,"Trinity Biotech, Plc",2052,24689,309.25
1634,Zambia,PMO - US,Direct Drop,EXW,Air,6-Jun-08,30-May-08,HRDT,HIV test - Ancillary,"Orgenics, Ltd",SKU0022,"HIV, Lancet, Safety, for HIV Test kits, 100 Pcs",Generic,100,4300,43,0.01,0,Inverness Japan,284,Freight Included in Commodity Cost,0.07
1637,Côte d'Ivoire,PMO - US,Direct Drop,EXW,Air,4-Mar-09,4-Mar-09,HRDT,HIV test,"CHEMBIO DIAGNOSTIC SYSTEMS, INC.",SKU0016,"HIV 1/2, Stat-Pak HIV, Kit, 20 Tests",Stat-Pak,20,289,7803,27,1.35,Chembio Diagnostics Sys. Inc.,79,1104.69,15.29
1638,Mozambique,PMO - US,Direct Drop,EXW,Air,9-Jul-08,4-Jul-08,HRDT,HIV test,"Orgenics, Ltd",SKU0017,"HIV 1/2, Determine HIV Kit, without Lancets, 100 Tests",Determine,100,3000,215970,71.99,0.72,Inverness Japan,682,5298.9,345.55
1643,Côte d'Ivoire,PMO - US,Direct Drop,EXW,Air,8-Apr-08,4-Apr-08,HRDT,HIV test - Ancillary,"Orgenics, Ltd",SKU0022,"HIV, Lancet, Safety, for HIV Test kits, 100 Pcs",Generic,100,70,0.7,0.01,0,Inverness Japan,Weight Captured Separately,Invoiced Separately,0
1644,Côte d'Ivoire,PMO - US,Direct Drop,EXW,Air,22-Jul-08,22-Jul-08,HRDT,HIV test,"Orgenics, Ltd",SKU0017,"HIV 1/2, Determine HIV Kit, without Lancets, 100 Tests",Determine,100,1116,78120,70,0.7,Inverness Japan,255,5175.72,124.99
1645,Côte d'Ivoire,PMO - US,Direct Drop,EXW,Air,19-Dec-08,19-Dec-08,HRDT,HIV test,"Orgenics, Ltd",SKU0017,"HIV 1/2, Determine HIV Kit, without Lancets, 100 Tests",Determine,100,1116,78120,70,0.7,Inverness Japan,256,7118.12,153.12
1646,Guyana,PMO - US,Direct Drop,EXW,Air,6-May-08,6-May-08,HRDT,HIV test,"Trinity Biotech, Plc",SKU0009,"HIV 1/2, Uni-Gold HIV Kit, 20 Tests",Uni-Gold,20,832,26624,32,1.6,"Trinity Biotech, Plc",832,3740.04,42.6
1647,Guyana,PMO - US,Direct Drop,EXW,Air,28-Jul-08,28-Jul-08,HRDT,HIV test,"Orgenics, Ltd",SKU0017,"HIV 1/2, Determine HIV Kit, without Lancets, 100 Tests",Determine,100,213,15333.87,71.99,0.72,Inverness Japan,49,959.46,24.53
1648,Botswana,PMO - US,Direct Drop,EXW,Air,11-Apr-08,11-Apr-08,HRDT,HIV test,Orasure Technologies Inc.,SKU0018,"HIV 1/2, OraQuick Advance HIV Rapid Antibody Kit, 100 Tests",OraQuick,100,10,3500,350,3.5,"Pacific Biotech, Thailand",39,604,5.6
1861,Rwanda,PMO - US,Direct Drop,EXW,Air,16-Aug-08,16-Aug-08,HRDT,HIV test,"Trinity Biotech, Plc",SKU0024,"HIV 1/2, Capillus HIV Kit, 100 Tests",Capillus,100,340,47260,139,1.39,"Trinity Biotech, Plc",234,5446.06,75.62
1660,Zimbabwe,PMO - US,Direct Drop,EXW,Air,17-Nov-08,21-Oct-08,HRDT,HIV test - Ancillary,"Orgenics, Ltd",SKU0022,"HIV, Lancet, Safety, for HIV Test kits, 100 Pcs",Generic,100,1634,16.34,0.01,0,Inverness Japan,Weight Captured Separately,Invoiced Separately,0.03
1673,South Africa,PMO - US,Direct Drop,DDP,Truck,24-Apr-08,24-Apr-08,ARV,Adult,S. BUYS WHOLESALER,SKU0057,"Lopinavir/Ritonavir 133.3/33.3mg [Kaletra], capsules, cool, 2 x 90 Caps",Kaletra,180,400,15760,39.4,0.22,ABBVIE (Abbott) Logis. UK,Weight Captured Separately,Freight Included in Commodity Cost,25.22
1674,South Africa,PMO - US,Direct Drop,DDP,Truck,24-Apr-08,24-Apr-08,ARV,Pediatric,S. BUYS WHOLESALER,SKU0060,"Ritonavir 80mg/ml [Norvir], oral solution, cool, Bottle, 90 ml",Norvir,90,6,47.28,7.88,0.09,ABBVIE (Abbott) France,Weight Captured Separately,Freight Included in Commodity Cost,0.08
1675,South Africa,PMO - US,Direct Drop,DDP,Truck,24-Apr-08,24-Apr-08,ARV,Adult,S. BUYS WHOLESALER,SKU0021,"Tenofovir Disoproxil Fumarate 300mg [Viread], tablets, 30 Tabs",Viread,30,500,10925,21.85,0.73,"Aspen-OSD, Port Elizabeth, SA",Weight Captured Separately,Freight Included in Commodity Cost,17.48
1691,Vietnam,PMO - US,Direct Drop,EXW,Air,7-Jul-08,20-Jun-08,ARV,Adult,Aurobindo Pharma Limited,SKU0003,"Lamivudine 150mg, tablets, 60 Tabs",Generic,60,10080,29232,2.9,0.05,"Aurobindo Unit III, India",507,4159.45,46.77
1693,Vietnam,PMO - US,Direct Drop,EXW,Air,1-Jun-08,1-Jun-08,ARV,Adult,MYLAN LABORATORIES LTD (FORMERLY MATRIX LABORATORIES),SKU0026,"Efavirenz 600mg, tablets, 30 Tabs",Generic,30,6720,77145.6,11.48,0.38,Mylan (formerly Matrix) Nashik,522,3796.05,123.43
1719,Côte d'Ivoire,PMO - US,Direct Drop,EXW,Air,9-May-08,9-May-08,HRDT,HIV test - Ancillary,"Orgenics, Ltd",SKU0022,"HIV, Lancet, Safety, for HIV Test kits, 100 Pcs",Generic,100,250,2.5,0.01,0,Inverness Japan,17,Freight Included in Commodity Cost,0
1722,South Africa,PMO - US,Direct Drop,DDP,,25-Apr-08,7-Apr-08,ARV,Adult,S. BUYS WHOLESALER,SKU0026,"Efavirenz 600mg, tablets, 30 Tabs",Generic,30,300,4614,15.38,0.51,"Cipla, Goa, India",Weight Captured Separately,Freight Included in Commodity Cost,7.38
1723,South Africa,PMO - US,Direct Drop,DDP,,25-Apr-08,25-Apr-08,ARV,Adult,S. BUYS WHOLESALER,SKU0051,"Zidovudine 300mg [Retrovir], tablets, 60 Tabs",Retrovir,60,300,4155,13.85,0.23,GSK Aranda,Weight Captured Separately,Freight Included in Commodity Cost,6.65
1724,South Africa,PMO - US,Direct Drop,DDP,,25-Apr-08,7-Apr-08,ARV,Adult,S. BUYS WHOLESALER,SKU0031,"Didanosine EC 250mg [Videx EC], delayed-release capsules, Blister 3 x 10 Caps",Videx EC,30,100,1849,18.49,0.62,"BMS Meymac, France",Weight Captured Separately,Freight Included in Commodity Cost,2.96
1730,Nigeria,PMO - US,Direct Drop,EXW,Air,28-May-08,28-May-08,HRDT,HIV test - Ancillary,"Orgenics, Ltd",SKU0022,"HIV, Lancet, Safety, for HIV Test kits, 100 Pcs",Generic,100,1130,11.3,0.01,0,Inverness Japan,Weight Captured Separately,Invoiced Separately,0.02
1797,Vietnam,PMO - US,Direct Drop,CIP,Air,3-Oct-08,3-Oct-08,ARV,Pediatric,BRISTOL-MYERS SQUIBB,SKU0028,"Didanosine 25mg [Videx], chewable tablets, 60 Tabs",Videx,60,400,2800,7,0.12,"BMS Meymac, France",81,3013.09,4.48
1798,Vietnam,PMO - US,Direct Drop,EXW,Air,19-Aug-08,19-Aug-08,ARV,Adult,STRIDES ARCOLAB LIMITED,SKU0004,"Stavudine 30mg, capsules, 60 Caps",Generic,60,10780,15631,1.45,0.02,"Strides, Bangalore, India.",502,7575.6,25.01
1801,South Africa,PMO - US,Direct Drop,DDP,Truck,20-Aug-08,8-May-08,ARV,Adult,S. BUYS WHOLESALER,SKU0057,"Lopinavir/Ritonavir 133.3/33.3mg [Kaletra], capsules, cool, 2 x 90 Caps",Kaletra,180,670,24783.3,36.99,0.21,ABBVIE (Abbott) Logis. UK,Weight Captured Separately,Freight Included in Commodity Cost,39.65
1802,South Africa,PMO - US,Direct Drop,DDP,Truck,20-Aug-08,21-May-08,ARV,Adult,S. BUYS WHOLESALER,SKU0061,"Lamivudine 150mg [Epivir], tablets, 60 Tabs",Epivir,60,2000,11060,5.53,0.09,GSK Cape Town Factory (South Africa),Weight Captured Separately,Freight Included in Commodity Cost,17.7
1803,South Africa,PMO - US,Direct Drop,DDP,Truck,20-Aug-08,14-May-08,ARV,Adult,S. BUYS WHOLESALER,SKU0051,"Zidovudine 300mg [Retrovir], tablets, 60 Tabs",Retrovir,60,1000,16630,16.63,0.28,GSK Aranda,Weight Captured Separately,Freight Included in Commodity Cost,26.61
1804,South Africa,PMO - US,Direct Drop,DDP,Truck,20-Aug-08,8-May-08,ARV,Pediatric,S. BUYS WHOLESALER,SKU0035,"Nevirapine 10mg/ml [Viramune], oral suspension, Bottle, 240 ml",Viramune,240,30,435.9,14.53,0.06,"BI, Ingelheim, Germany",Weight Captured Separately,Freight Included in Commodity Cost,0.7
1820,Haiti,PMO - US,Direct Drop,EXW,Air,27-Oct-08,27-Oct-08,HRDT,HIV test,"Orgenics, Ltd",SKU0017,"HIV 1/2, Determine HIV Kit, without Lancets, 100 Tests",Determine,100,1123,78610,70,0.7,Inverness Japan,257,2851.72,154.08
1888,Rwanda,PMO - US,Direct Drop,CIP,Air,23-Jul-08,22-Jul-08,ARV,Adult,Aurobindo Pharma Limited,SKU0054,"Lamivudine/Nevirapine/Zidovudine 150/200/300mg, tablets, 60 Tabs",Generic,60,47879,569281.31,11.89,0.2,"Aurobindo Unit III, India",5311,30408.04,910.85
1889,Rwanda,PMO - US,Direct Drop,CIP,Air,23-Jul-08,23-Jul-08,ARV,Adult,Aurobindo Pharma Limited,SKU0054,"Lamivudine/Nevirapine/Zidovudine 150/200/300mg, tablets, 60 Tabs",Generic,60,61021,725539.69,11.89,0.2,"Aurobindo Unit III, India",6768,38120.96,1160.86
1905,Vietnam,PMO - US,Direct Drop,EXW,Air,19-Sep-08,19-Sep-08,ARV,Adult,Aurobindo Pharma Limited,SKU0011,"Lamivudine/Zidovudine 150/300mg, tablets, 60 Tabs",Generic,60,4300,37023,8.61,0.14,"Aurobindo Unit III, India",See ASN-2274 (ID#:610),See ASN-2274 (ID#:610),59.24
1919,Vietnam,PMO - US,Direct Drop,EXW,Air,3-Oct-08,3-Oct-08,ARV,Adult,Aurobindo Pharma Limited,SKU0004,"Stavudine 30mg, capsules, 60 Caps",Generic,60,18030,26143.5,1.45,0.02,"Aurobindo Unit III, India",1114,5822.44,41.83
1926,South Africa,PMO - US,Direct Drop,DDP,Truck,10-Jul-08,14-Jul-08,ARV,Adult,S. BUYS WHOLESALER,SKU0051,"Zidovudine 300mg [Retrovir], tablets, 60 Tabs",Retrovir,60,50,663.5,13.27,0.22,GSK Aranda,Weight Captured Separately,Freight Included in Commodity Cost,1.06
1927,South Africa,PMO - US,Direct Drop,DDP,Truck,10-Jul-08,8-Jul-08,ARV,Pediatric,S. BUYS WHOLESALER,SKU0062,"Efavirenz 50mg [Stocrin/Sustiva], capsule, 30 Caps",Stocrin/Sustiva,30,250,715,2.86,0.1,"MSD Midrand, J'burg, SA",Weight Captured Separately,Freight Included in Commodity Cost,1.14
1928,South Africa,PMO - US,Direct Drop,DDP,Truck,10-Jul-08,8-Jul-08,ARV,Adult,S. BUYS WHOLESALER,SKU0031,"Didanosine EC 250mg [Videx EC], delayed-release capsules, Blister 3 x 10 Caps",Videx EC,30,60,1096.2,18.27,0.61,"BMS Meymac, France",Weight Captured Separately,Freight Included in Commodity Cost,1.75
1929,South Africa,PMO - US,Direct Drop,DDP,Truck,10-Jul-08,8-Jul-08,ARV,Pediatric,S. BUYS WHOLESALER,SKU0015,"Didanosine 2g [Videx], powder for oral solution 10mg/ml, reconstitute to 200 ml",Videx,200,12,150.48,12.54,0.06,"BMS Meymac, France",Weight Captured Separately,Freight Included in Commodity Cost,0.24
1939,Zambia,PMO - US,Direct Drop,EXW,Air,22-Sep-08,22-Sep-08,HRDT,HIV test - Ancillary,"Orgenics, Ltd",SKU0022,"HIV, Lancet, Safety, for HIV Test kits, 100 Pcs",Generic,100,3000,30,0.01,0,Inverness Japan,889,7303.52,0.05
1940,Guyana,PMO - US,Direct Drop,EXW,Air,29-Oct-08,29-Oct-08,HRDT,HIV test,"Orgenics, Ltd",SKU0017,"HIV 1/2, Determine HIV Kit, without Lancets, 100 Tests",Determine,100,213,15333.87,71.99,0.72,Inverness Japan,49,1047.39,30.05
1941,Nigeria,PMO - US,Direct Drop,EXW,Air,15-Oct-08,15-Oct-08,HRDT,HIV test - Ancillary,"Orgenics, Ltd",SKU0022,"HIV, Lancet, Safety, for HIV Test kits, 100 Pcs",Generic,100,6502,65.02,0.01,0,Inverness Japan,1927,24870.05,0.1
1942,Nigeria,PMO - US,Direct Drop,EXW,Air,12-Sep-08,12-Sep-08,HRDT,HIV test,"Orgenics, Ltd",SKU0017,"HIV 1/2, Determine HIV Kit, without Lancets, 100 Tests",Determine,100,6875,549931.25,79.99,0.8,Inverness Japan,1566,19992.75,879.89
1954,Vietnam,PMO - US,Direct Drop,FCA,Air,2-Dec-08,2-Dec-08,ARV,Adult,ABBVIE LOGISTICS (FORMERLY ABBOTT LOGISTICS BV),SKU0008,"Lopinavir/Ritonavir 200/50mg [Aluvia], tablets, 120 Tabs",Aluvia,120,434,35674.8,82.2,0.68,ABBVIE Ludwigshafen Germany,113,2709.98,69.92
1955,Vietnam,PMO - US,Direct Drop,EXW,Air,24-Nov-08,24-Nov-08,ARV,Adult,Aurobindo Pharma Limited,SKU0054,"Lamivudine/Nevirapine/Zidovudine 150/200/300mg, tablets, 60 Tabs",Generic,60,1100,12540,11.4,0.19,"Aurobindo Unit III, India",159,2568.6,24.58
1956,Vietnam,PMO - US,Direct Drop,EXW,Air,25-Nov-08,25-Nov-08,ARV,Adult,MYLAN LABORATORIES LTD (FORMERLY MATRIX LABORATORIES),SKU0026,"Efavirenz 600mg, tablets, 30 Tabs",Generic,30,8400,85596,10.19,0.34,Mylan (formerly Matrix) Nashik,613,3247.73,167.77
1957,Vietnam,PMO - US,Direct Drop,EXW,Air,3-Dec-08,3-Dec-08,ARV,Adult,CIPLA LIMITED,SKU0044,"Lamivudine/Nevirapine/Stavudine 150/200/30mg, tablets, 60 Tabs",Generic,60,3648,26448,7.25,0.12,"Cipla, Goa, India",323,2335.19,51.84
1971,Guyana,PMO - US,Direct Drop,EXW,Air,15-Dec-08,15-Dec-08,MRDT,Malaria,ZEPHYR BIOMEDICALS,SKU0036,"Malaria Paramax-3 Kit, 25 Tests",Paramax,25,108,4050,37.5,1.5,Not Applicable,34,648.27,7.94
1972,Ethiopia,PMO - US,Direct Drop,EXW,Air,3-Nov-08,13-Oct-08,HRDT,HIV test,"CHEMBIO DIAGNOSTIC SYSTEMS, INC.",SKU0016,"HIV 1/2, Stat-Pak HIV, Kit, 20 Tests",Stat-Pak,20,5958,160866,27,1.35,Chembio Diagnostics Sys. Inc.,2147,11066.17,257.39
1973,Ethiopia,PMO - US,Direct Drop,EXW,Air,3-Nov-08,3-Nov-08,HRDT,HIV test,"CHEMBIO DIAGNOSTIC SYSTEMS, INC.",SKU0016,"HIV 1/2, Stat-Pak HIV, Kit, 20 Tests",Stat-Pak,20,3982,107514,27,1.35,Chembio Diagnostics Sys. Inc.,1445,7303.25,210.73
2008,Ethiopia,PMO - US,Direct Drop,EXW,Air,7-Oct-08,7-Oct-08,HRDT,HIV test,"SHANGHAI KEHUA BIOENGINEERING CO.,LTD.  (KHB)",SKU0063,"HIV 1/2, SKB Colloidal Gold, Diagnostic Kit, Antibody, 50 Tests",Colloidal Gold,1,6998,160954,23,23,"KHB Test Kit Facility, Shanghai China",5057,44347.71,257.53
2014,South Africa,PMO - US,Direct Drop,DDP,Truck,25-Aug-08,14-Aug-08,ARV,Adult,S. BUYS WHOLESALER,SKU0021,"Tenofovir Disoproxil Fumarate 300mg [Viread], tablets, 30 Tabs",Viread,30,300,7080,23.6,0.79,"Aspen-OSD, Port Elizabeth, SA",Weight Captured Separately,Freight Included in Commodity Cost,11.33
2015,South Africa,PMO - US,Direct Drop,DDP,Truck,25-Aug-08,14-Aug-08,ARV,Pediatric,S. BUYS WHOLESALER,SKU0035,"Nevirapine 10mg/ml [Viramune], oral suspension, Bottle, 240 ml",Viramune,240,40,557.6,13.94,0.06,"BI, Ingelheim, Germany",Weight Captured Separately,Freight Included in Commodity Cost,0.89
2146,Ethiopia,PMO - US,Direct Drop,EXW,Air,26-Jan-09,20-Jan-09,HRDT,HIV test,"SHANGHAI KEHUA BIOENGINEERING CO.,LTD.  (KHB)",SKU0063,"HIV 1/2, SKB Colloidal Gold, Diagnostic Kit, Antibody, 50 Tests",Colloidal Gold,1,3470,79810,23,23,"KHB Test Kit Facility, Shanghai China",2509,19882.25,156.43
2147,Ethiopia,PMO - US,Direct Drop,EXW,Air,3-Dec-08,3-Dec-08,HRDT,HIV test,"SHANGHAI KEHUA BIOENGINEERING CO.,LTD.  (KHB)",SKU0063,"HIV 1/2, SKB Colloidal Gold, Diagnostic Kit, Antibody, 50 Tests",Colloidal Gold,1,3510,80730,23,23,"KHB Test Kit Facility, Shanghai China",2535,22433.91,158.23
2148,Zimbabwe,PMO - US,Direct Drop,CIP,Air,3-Feb-09,3-Feb-09,HRDT,HIV test,BIOLYTICAL LABORATORIES INC.,SKU0064,"#109440**HIV 1/2, INSTI HIV Antibody Individual POC, 1 Test",INSTi,1,5000,12706.65,2.54,2.54,bioLytical Laboratories,Weight Captured Separately,Freight Included in Commodity Cost,24.91
2153,Vietnam,PMO - US,Direct Drop,EXW,Air,27-Nov-08,27-Nov-08,ARV,Adult,Aurobindo Pharma Limited,SKU0007,"Nevirapine 200mg, tablets, 60 Tabs",Generic,60,6000,17400,2.9,0.05,"Aurobindo Unit III, India",581,2653.27,34.1
2156,South Africa,PMO - US,Direct Drop,DDP,Truck,17-May-09,9-Oct-08,ARV,Adult,S. BUYS WHOLESALER,SKU0026,"Efavirenz 600mg, tablets, 30 Tabs",Generic,30,1300,20410,15.7,0.52,"Cipla, Goa, India",Weight Captured Separately,Freight Included in Commodity Cost,40
2157,South Africa,PMO - US,Direct Drop,DDP,Truck,17-May-09,9-Oct-08,ARV,Pediatric,S. BUYS WHOLESALER,SKU0020,"Zidovudine 10mg/ml [Retrovir], oral solution, Bottle, 200 ml",Retrovir,200,120,733.2,6.11,0.03,GSK Mississauga (Canada),Weight Captured Separately,Freight Included in Commodity Cost,1.44
2158,South Africa,PMO - US,Direct Drop,DDP,Truck,17-May-09,9-Oct-08,ARV,Adult,S. BUYS WHOLESALER,SKU0027,"Saquinavir 200mg [Invirase], capsules, 270 Caps",Invirase,270,6,424.08,70.68,0.26,Roche Basel,Weight Captured Separately,Freight Included in Commodity Cost,0.83
2159,South Africa,PMO - US,Direct Drop,DDP,Truck,17-May-09,9-Oct-08,ARV,Pediatric,S. BUYS WHOLESALER,SKU0035,"Nevirapine 10mg/ml [Viramune], oral suspension, Bottle, 240 ml",Viramune,240,40,540.4,13.51,0.06,"BI, Ingelheim, Germany",Weight Captured Separately,Freight Included in Commodity Cost,1.06
2171,Nigeria,PMO - US,Direct Drop,EXW,Air,8-Apr-09,8-Apr-09,HRDT,HIV test,"Orgenics, Ltd",SKU0002,"HIV 1/2, Determine Complete HIV Kit, 100 Tests",Determine,100,5751,460080,80,0.8,Inverness Japan,1723,22451.67,901.76
2173,Namibia,PMO - US,Direct Drop,EXW,Air,27-Jan-09,27-Jan-09,HRDT,HIV test,INVERNESS MEDICAL INNOVATIONS SOUTH AFRICA (PTY) LTD,SKU0055,"HIV 1/2, Clearview Complete Kit, 25 Tests",Clearview,25,3,225,75,3,Inverness USA,3,963.34,0.44
2257,Guyana,PMO - US,Direct Drop,EXW,Air,25-Feb-09,27-Jan-09,HRDT,HIV test,"CHEMBIO DIAGNOSTIC SYSTEMS, INC.",SKU0016,"HIV 1/2, Stat-Pak HIV, Kit, 20 Tests",Stat-Pak,20,100,2700,27,1.35,Chembio Diagnostics Sys. Inc.,28,692.38,5.29
2295,Namibia,PMO - US,Direct Drop,EXW,Air,2-Mar-09,2-Mar-09,HRDT,HIV test,"Trinity Biotech, Plc",SKU0009,"HIV 1/2, Uni-Gold HIV Kit, 20 Tests",Uni-Gold,20,68,2176,32,1.6,"Trinity Biotech, Plc",22,1003.52,4.26
2297,Vietnam,PMO - US,Direct Drop,EXW,Air,7-Apr-09,7-Apr-09,ARV,Adult,Aurobindo Pharma Limited,SKU0003,"Lamivudine 150mg, tablets, 60 Tabs",Generic,60,9000,21600,2.4,0.04,"Aurobindo Unit III, India",2228,9809.7,42.34
2298,Vietnam,PMO - US,Direct Drop,EXW,Air,10-Apr-09,10-Apr-09,ARV,Adult,Aurobindo Pharma Limited,SKU0054,"Lamivudine/Nevirapine/Zidovudine 150/200/300mg, tablets, 60 Tabs",Generic,60,700,7805,11.15,0.19,"Aurobindo Unit III, India",See ASN-3562 (ID#:960),See ASN-3562 (ID#:960),15.3
2305,Nigeria,PMO - US,Direct Drop,CIP,Air,8-Apr-09,8-Apr-09,ARV,Adult,MERCK SHARP & DOHME IDEA GMBH (FORMALLY MERCK SHARP & DOHME B.V.),SKU0038,"Efavirenz/Emtricitabine/Tenofovir Disoproxil Fumarate 600/200/300mg [Atripla], tablets, 30 Tabs",Atripla,30,25000,1260000,50.4,1.68,"MSD, Haarlem, NL",2067,7933.38,2469.6
2328,Haiti,PMO - US,Direct Drop,EXW,Air,16-Mar-09,16-Mar-09,HRDT,HIV test,"Orgenics, Ltd",SKU0017,"HIV 1/2, Determine HIV Kit, without Lancets, 100 Tests",Determine,100,1680,117600,70,0.7,Inverness Japan,382,3241.06,230.5
2399,Haiti,PMO - US,Direct Drop,EXW,Air,2-Apr-09,2-Apr-09,ARV,Pediatric,Aurobindo Pharma Limited,SKU0065,"Zidovudine 100mg, capsules, 100 Caps",Generic,100,2100,10500,5,0.05,"Aurobindo Unit III, India",187,1903.54,20.58
2417,Mozambique,PMO - US,Direct Drop,EXW,Air,26-May-09,26-May-09,HRDT,HIV test,"Orgenics, Ltd",SKU0002,"HIV 1/2, Determine Complete HIV Kit, 100 Tests",Determine,100,9000,648000,72,0.72,Inverness Japan,2655,25052.69,1270.08
2429,South Africa,PMO - US,Direct Drop,DDP,Air,17-Mar-09,28-Nov-08,ARV,Pediatric,S. BUYS WHOLESALER,SKU0066,"Efavirenz 200mg, capsule, 90 Caps",Generic,90,176,3359.84,19.09,0.21,"Aurobindo Unit III, India",Weight Captured Separately,Freight Included in Commodity Cost,6.59
2430,South Africa,PMO - US,Direct Drop,DDP,Air,24-Mar-09,1-Dec-08,ARV,Adult,S. BUYS WHOLESALER,SKU0007,"Nevirapine 200mg, tablets, 60 Tabs",Generic,60,5017,24583.3,4.9,0.08,"Aurobindo Unit III, India",Weight Captured Separately,Freight Included in Commodity Cost,48.18
2431,South Africa,PMO - US,Direct Drop,DDP,Air,31-Mar-09,2-Dec-08,ARV,Pediatric,S. BUYS WHOLESALER,SKU0005,"Zidovudine 10mg/ml, oral solution, Bottle, 240 ml",Generic,240,929,3390.85,3.65,0.02,"Aurobindo Unit III, India",Weight Captured Separately,Freight Included in Commodity Cost,6.65
2432,South Africa,PMO - US,Direct Drop,DDP,Air,23-Jun-09,29-Jan-09,ARV,Adult,S. BUYS WHOLESALER,SKU0003,"Lamivudine 150mg, tablets, 60 Tabs",Generic,60,6700,36582,5.46,0.09,"Aurobindo Unit III, India",Weight Captured Separately,Freight Included in Commodity Cost,71.7
2436,South Africa,PMO - US,Direct Drop,DDP,Air,12-May-09,30-Dec-08,ARV,Adult,S. BUYS WHOLESALER,SKU0051,"Zidovudine 300mg [Retrovir], tablets, 60 Tabs",Retrovir,60,1350,19062,14.12,0.24,GSK Aranda,Weight Captured Separately,Freight Included in Commodity Cost,37.36
2437,South Africa,PMO - US,Direct Drop,DDP,Air,26-May-09,22-Jan-09,ARV,Adult,S. BUYS WHOLESALER,SKU0026,"Efavirenz 600mg, tablets, 30 Tabs",Generic,30,1120,16307.2,14.56,0.49,"Cipla, Goa, India",Weight Captured Separately,Freight Included in Commodity Cost,31.96
2438,South Africa,PMO - US,Direct Drop,DDP,Air,31-Mar-09,21-Nov-08,ARV,Adult,S. BUYS WHOLESALER,SKU0030,"Stavudine 20mg [Zerit], capsules, 60 Caps",Zerit,60,100,371,3.71,0.06,"BMS Meymac, France",Weight Captured Separately,Freight Included in Commodity Cost,0.73
2439,South Africa,PMO - US,Direct Drop,DDP,Air,30-Mar-09,21-Jan-09,ARV,Adult,S. BUYS WHOLESALER,SKU0004,"Stavudine 30mg, capsules, 60 Caps",Generic,60,1000,2920,2.92,0.05,"Aurobindo Unit III, India",Weight Captured Separately,Freight Included in Commodity Cost,5.72
2440,South Africa,PMO - US,Direct Drop,DDP,Air,30-Mar-09,21-Jan-09,ARV,Adult,S. BUYS WHOLESALER,SKU0067,"Nevirapine 200mg [Viramune], tablets, 60 Tabs",Viramune,60,260,4035.2,15.52,0.26,"Boehringer Ing., Koropi, GR",Weight Captured Separately,Freight Included in Commodity Cost,7.91
2441,Uganda,PMO - US,Direct Drop,CIP,Air,4-May-09,4-May-09,ARV,Adult,BRISTOL-MYERS SQUIBB,SKU0031,"Didanosine EC 250mg [Videx EC], delayed-release capsules, Blister 3 x 10 Caps",Videx EC,30,60,1100.4,18.34,0.61,"BMS Meymac, France",3000,428.91,2.16
2447,South Africa,PMO - US,Direct Drop,DDP,Truck,17-Apr-09,17-Apr-09,ARV,Pediatric,S. BUYS WHOLESALER,SKU0006,"Efavirenz 200mg [Stocrin/Sustiva], capsule, 90 Caps",Stocrin/Sustiva,90,5000,160900,32.18,0.36,"MSD Midrand, J'burg, SA",Weight Captured Separately,Freight Included in Commodity Cost,315.36
2450,South Africa,PMO - US,Direct Drop,DDP,Air,25-Jun-09,20-Apr-09,ARV,Pediatric,S. BUYS WHOLESALER,SKU0068,"Zidovudine 10mg/ml [Retrovir], solution for IV infusion injection, Vial 5 x 20 ml",Retrovir,5,166,2265.9,13.65,2.73,GSK Ware (UK),Weight Captured Separately,Freight Included in Commodity Cost,4.44
2451,South Africa,PMO - US,Direct Drop,DDP,Air,25-Jun-09,20-Apr-09,ARV,Pediatric,S. BUYS WHOLESALER,SKU0046,"Didanosine 50mg [Videx], chewable tablets, 60 Tabs",Videx,60,1500,15150,10.1,0.17,"BMS Meymac, France",Weight Captured Separately,Freight Included in Commodity Cost,29.69
2463,Rwanda,PMO - US,Direct Drop,CIP,Air,20-Apr-09,20-Apr-09,ARV,Adult,CIPLA LIMITED,SKU0011,"Lamivudine/Zidovudine 150/300mg, tablets, 60 Tabs",Generic,60,7840,71344,9.1,0.15,"Cipla, Goa, India",719,853.88,139.83
2474,South Africa,PMO - US,Direct Drop,DDP,Air,31-Jul-09,20-Apr-09,ARV,Pediatric,S. BUYS WHOLESALER,SKU0042,"Lopinavir/Ritonavir 80/20mg/ml [Kaletra], oral solution, cool, Bottle 5 x 60 ml",Kaletra,300,40,1440,36,0.12,ABBVIE (Abbott) Logis. UK,Weight Captured Separately,Freight Included in Commodity Cost,2.82
2475,South Africa,PMO - US,Direct Drop,DDP,Truck,31-Jul-09,4-May-09,ARV,Pediatric,S. BUYS WHOLESALER,SKU0060,"Ritonavir 80mg/ml [Norvir], oral solution, cool, Bottle, 90 ml",Norvir,90,6,43.2,7.2,0.08,ABBVIE (Abbott) France,Weight Captured Separately,Freight Included in Commodity Cost,0.08
2476,South Africa,PMO - US,Direct Drop,DDP,Truck,31-Jul-09,8-Jun-09,ARV,Pediatric,S. BUYS WHOLESALER,SKU0060,"Ritonavir 80mg/ml [Norvir], oral solution, cool, Bottle, 90 ml",Norvir,90,6,43.2,7.2,0.08,ABBVIE (Abbott) France,Weight Captured Separately,Freight Included in Commodity Cost,0.08
2477,Guyana,PMO - US,Direct Drop,EXW,Air,5-Jun-09,5-Jun-09,HRDT,HIV test,"Orgenics, Ltd",SKU0002,"HIV 1/2, Determine Complete HIV Kit, 100 Tests",Determine,100,425,38250,90,0.9,Inverness Japan,130,1859.79,74.97
2478,Guyana,PMO - US,Direct Drop,EXW,Air,1-Jul-09,1-Jul-09,HRDT,HIV test,"Orgenics, Ltd",SKU0002,"HIV 1/2, Determine Complete HIV Kit, 100 Tests",Determine,100,276,24840,90,0.9,Inverness Japan,87,1205.7,48.69
2481,South Africa,PMO - US,Direct Drop,DDP,Truck,15-May-09,23-Apr-09,ARV,Adult,S. BUYS WHOLESALER,SKU0030,"Stavudine 20mg [Zerit], capsules, 60 Caps",Zerit,60,76,300.2,3.95,0.07,"BMS Meymac, France",See ASN-4332 (ID#:1115),See ASN-4332 (ID#:1115),0.59
2499,Nigeria,PMO - US,Direct Drop,FCA,Air,20-May-09,20-May-09,ARV,Adult,ABBVIE LOGISTICS (FORMERLY ABBOTT LOGISTICS BV),SKU0008,"Lopinavir/Ritonavir 200/50mg [Aluvia], tablets, 120 Tabs",Aluvia,120,73,3000.3,41.1,0.34,ABBVIE Ludwigshafen Germany,69,1332.43,5.88
2502,Kenya,PMO - US,Direct Drop,EXW,Air,18-Jun-09,18-Jun-09,HRDT,HIV test,"Trinity Biotech, Plc",SKU0009,"HIV 1/2, Uni-Gold HIV Kit, 20 Tests",Uni-Gold,20,5,160,32,1.6,"Trinity Biotech, Plc",2,12561.4,0.31
2503,Kenya,PMO - US,Direct Drop,EXW,Air,18-Jun-09,18-Jun-09,HRDT,HIV test,"Trinity Biotech, Plc",SKU0009,"HIV 1/2, Uni-Gold HIV Kit, 20 Tests",Uni-Gold,20,4995,159840,32,1.6,"Trinity Biotech, Plc",4995,275,313.29
2506,Nigeria,PMO - US,Direct Drop,FCA,Air,14-Jul-09,14-Jul-09,ARV,Adult,ABBVIE LOGISTICS (FORMERLY ABBOTT LOGISTICS BV),SKU0008,"Lopinavir/Ritonavir 200/50mg [Aluvia], tablets, 120 Tabs",Aluvia,120,2040,83844,41.1,0.34,ABBVIE Ludwigshafen Germany,309,3777.93,164.33
2536,Rwanda,PMO - US,Direct Drop,CIP,Air,20-Jul-09,20-Jul-09,ARV,Adult,MYLAN LABORATORIES LTD (FORMERLY MATRIX LABORATORIES),SKU0054,"Lamivudine/Nevirapine/Zidovudine 150/200/300mg, tablets, 60 Tabs",Generic,60,26932,317528.28,11.79,0.2,Mylan (formerly Matrix) Nashik,3393,30661.5,622.36
2539,Côte d'Ivoire,PMO - US,Direct Drop,EXW,Air,10-Jun-09,15-Jul-09,HRDT,HIV test,BIO-RAD LABORATORIES (FRANCE),SKU0025,"#108853** HIV, Genie II HIV-1/HIV-2 Kit, 40 Tests",Genie,40,1000,110000,110,2.75,Bio-Rad Laboratories,1073,8114.11,215.6
2558,Namibia,PMO - US,Direct Drop,EXW,Air,15-Jun-09,15-Jun-09,HRDT,HIV test,"Orgenics, Ltd",SKU0017,"HIV 1/2, Determine HIV Kit, without Lancets, 100 Tests",Determine,100,800,56000,70,0.7,Inverness Japan,195,2008.54,109.76
2559,Vietnam,PMO - US,Direct Drop,EXW,Air,8-Jun-09,8-Jun-09,ARV,Adult,Aurobindo Pharma Limited,SKU0069,"Didanosine 250mg, delayed-release capsules, 30 Caps",Generic,30,150,1950,13,0.43,"Aurobindo Unit III, India",30,4111.71,3.82
2562,Côte d'Ivoire,PMO - US,Direct Drop,EXW,Air,9-Jun-09,9-Jun-09,HRDT,HIV test,BIO-RAD LABORATORIES (FRANCE),SKU0025,"#108853** HIV, Genie II HIV-1/HIV-2 Kit, 40 Tests",Genie,40,140,15400,110,2.75,Bio-Rad Laboratories,158,4318.21,30.18
2571,Namibia,PMO - US,Direct Drop,EXW,Air,18-Aug-09,18-Aug-09,ARV,Pediatric,CIPLA LIMITED,SKU0070,"Lamivudine/Stavudine 30/6mg, dispersible tablets, 60 Tabs",Generic,60,2000,3800,1.9,0.03,"Cipla, Goa, India",251,1484.75,7.45
2588,Vietnam,PMO - US,Direct Drop,CIP,Air,19-Aug-09,19-Aug-09,ARV,Pediatric,BRISTOL-MYERS SQUIBB,SKU0028,"Didanosine 25mg [Videx], chewable tablets, 60 Tabs",Videx,60,120,840,7,0.12,"BMS Meymac, France",Weight Captured Separately,Freight Included in Commodity Cost,1.65
2601,South Africa,PMO - US,Direct Drop,DDP,Truck,12-Oct-09,3-Aug-09,ARV,Adult,S. BUYS WHOLESALER,SKU0032,"Didanosine EC 400mg [Videx EC], delayed-release capsules, Blister 3 x 10 Caps",Videx EC,30,20,438,21.9,0.73,"BMS Meymac, France",Weight Captured Separately,Freight Included in Commodity Cost,0.86
2602,South Africa,PMO - US,Direct Drop,DDP,Truck,21-Jul-09,21-Jul-09,ARV,Adult,S. BUYS WHOLESALER,SKU0030,"Stavudine 20mg [Zerit], capsules, 60 Caps",Zerit,60,320,1475.2,4.61,0.08,"BMS Meymac, France",Weight Captured Separately,Freight Included in Commodity Cost,2.89
2603,Zambia,PMO - US,Direct Drop,EXW,Air,11-Nov-09,29-Oct-09,HRDT,HIV test,"Orgenics, Ltd",SKU0002,"HIV 1/2, Determine Complete HIV Kit, 100 Tests",Determine,100,2000,144000,72,0.72,Inverness Japan,590,5962.58,310.46
2632,Guyana,PMO - US,Direct Drop,CIP,Air,7-Aug-09,7-Aug-09,ARV,Adult,ABBOTT LABORATORIES (PUERTO RICO),SKU0008,"Lopinavir/Ritonavir 200/50mg [Aluvia], tablets, 120 Tabs",Aluvia,120,2733,224625.27,82.19,0.68,ABBVIE Ludwigshafen Germany,589,314,440.27
2647,Côte d'Ivoire,PMO - US,Direct Drop,EXW,Air,6-Sep-06,6-Sep-06,HRDT,HIV test,BIO-RAD LABORATORIES (FRANCE),SKU0025,"#108853** HIV, Genie II HIV-1/HIV-2 Kit, 40 Tests",Genie,40,100,7535,75.35,1.88,Bio-Rad Laboratories,107,1845.74,
2654,Haiti,PMO - US,Direct Drop,EXW,Air,9-Oct-06,9-Oct-06,HRDT,HIV test,"Trinity Biotech, Plc",SKU0024,"HIV 1/2, Capillus HIV Kit, 100 Tests",Capillus,100,45,7875,175,1.75,Not Applicable,29,854.34,
2655,Vietnam,PMO - US,Direct Drop,EXW,Air,1-Sep-06,1-Sep-06,ARV,Adult,"GILEAD SCIENCES IRELAND, INC.",SKU0021,"Tenofovir Disoproxil Fumarate 300mg [Viread], tablets, 30 Tabs",Viread,30,1000,17000,17,0.57,Gilead(Nycomed) Oranienburg DE,61,7682.69,
2656,Vietnam,PMO - US,Direct Drop,EXW,Air,11-Aug-06,11-Aug-06,ARV,Adult,Aurobindo Pharma Limited,SKU0007,"Nevirapine 200mg, tablets, 60 Tabs",Generic,60,35000,152250,4.35,0.07,"Aurobindo Unit III, India",See ASN-55 (ID#:16),See ASN-55 (ID#:16),
2657,Vietnam,PMO - US,Direct Drop,EXW,Air,11-Aug-06,11-Aug-06,ARV,Adult,Aurobindo Pharma Limited,SKU0011,"Lamivudine/Zidovudine 150/300mg, tablets, 60 Tabs",Generic,60,20000,338000,16.9,0.28,"Aurobindo Unit III, India",See ASN-55 (ID#:16),See ASN-55 (ID#:16),
2661,Nigeria,PMO - US,Direct Drop,EXW,Air,28-Sep-06,28-Sep-06,ARV,Pediatric,Aurobindo Pharma Limited,SKU0048,"Lamivudine 10mg/ml, oral solution, Bottle, 240 ml",Generic,240,416,1809.6,4.35,0.02,"Aurobindo Unit III, India",See ASN-57 (ID#:23),See ASN-57 (ID#:23),
2662,Nigeria,PMO - US,Direct Drop,EXW,Air,28-Sep-06,28-Sep-06,ARV,Adult,Aurobindo Pharma Limited,SKU0003,"Lamivudine 150mg, tablets, 60 Tabs",Generic,60,486,2041.2,4.2,0.07,"Aurobindo Unit III, India",See ASN-57 (ID#:23),See ASN-57 (ID#:23),
2680,Zambia,PMO - US,Direct Drop,EXW,Air,29-Jan-07,29-Jan-07,ARV,Pediatric,Aurobindo Pharma Limited,SKU0071,"Abacavir 20mg/ml, oral solution, Bottle, 240 ml",Generic,240,906,19071.3,21.05,0.09,"Aurobindo Unit III, India",316,3850.8,
2681,Zambia,PMO - US,Direct Drop,EXW,Air,13-Nov-06,13-Nov-06,ARV,Adult,Aurobindo Pharma Limited,SKU0011,"Lamivudine/Zidovudine 150/300mg, tablets, 60 Tabs",Generic,60,38780,432009.2,11.14,0.19,"Aurobindo Unit III, India",3217,14364.29,
2683,Nigeria,PMO - US,Direct Drop,EXW,Air,7-Dec-06,7-Dec-06,ARV,Adult,Aurobindo Pharma Limited,SKU0007,"Nevirapine 200mg, tablets, 60 Tabs",Generic,60,4632,16906.8,3.65,0.06,"Aurobindo Unit III, India",See ASN-93 (ID#:1281),See ASN-93 (ID#:1281),
2684,Nigeria,PMO - US,Direct Drop,EXW,Air,7-Dec-06,7-Dec-06,ARV,Adult,Aurobindo Pharma Limited,SKU0072,"Stavudine 40mg, capsules, 60 Caps",Generic,60,166,356.9,2.15,0.04,"Aurobindo Unit III, India",See ASN-93 (ID#:1281),See ASN-93 (ID#:1281),
2685,Zambia,PMO - US,Direct Drop,EXW,Air,20-Dec-06,20-Dec-06,ARV,Adult,Aurobindo Pharma Limited,SKU0026,"Efavirenz 600mg, tablets, 30 Tabs",Generic,30,60784,1018132,16.75,0.56,"Aurobindo Unit III, India",11179,49824.57,
2686,Vietnam,PMO - US,Direct Drop,EXW,Air,14-Mar-07,14-Mar-07,ARV,Pediatric,Aurobindo Pharma Limited,SKU0005,"Zidovudine 10mg/ml, oral solution, Bottle, 240 ml",Generic,240,1000,5050,5.05,0.02,"Aurobindo Unit III, India",3822,25124.12,
2687,Vietnam,PMO - US,Direct Drop,EXW,Air,14-Mar-07,14-Mar-07,ARV,Pediatric,CIPLA LIMITED,SKU0048,"Lamivudine 10mg/ml, oral solution, Bottle, 240 ml",Generic,240,1000,2440,2.44,0.01,"Cipla, Goa, India",See ASN-272 (ID#:1282),See ASN-272 (ID#:1282),
2705,Haiti,PMO - US,Direct Drop,EXW,Air,7-Feb-07,7-Feb-07,HRDT,HIV test,Orasure Technologies Inc.,SKU0018,"HIV 1/2, OraQuick Advance HIV Rapid Antibody Kit, 100 Tests",OraQuick,100,25,10000,400,4,"Pacific Biotech, Thailand",60,1498.02,
2708,Vietnam,PMO - US,Direct Drop,EXW,Air,9-Jul-07,9-Jul-07,ARV,Adult,CIPLA LIMITED,SKU0044,"Lamivudine/Nevirapine/Stavudine 150/200/30mg, tablets, 60 Tabs",Generic,60,25000,187500,7.5,0.12,"Cipla, Goa, India",2336,21150.56,300
2721,Zambia,PMO - US,Direct Drop,CIP,Air,6-Jun-07,6-Jun-07,ARV,Pediatric,BRISTOL-MYERS SQUIBB,SKU0040,"Didanosine 100mg [Videx],chewable tablets, 60 Tabs",Videx,60,5408,68952,12.75,0.21,"BMS Meymac, France",1072,Freight Included in Commodity Cost,
2733,Côte d'Ivoire,PMO - US,Direct Drop,EXW,Air,28-Jun-07,28-Jun-07,HRDT,HIV test,Orasure Technologies Inc.,SKU0018,"HIV 1/2, OraQuick Advance HIV Rapid Antibody Kit, 100 Tests",OraQuick,100,50,20000,400,4,"Pacific Biotech, Thailand",120,3004.62,
2740,Nigeria,PMO - US,Direct Drop,EXW,Air,10-Jul-07,10-Jul-07,HRDT,HIV test,"CHEMBIO DIAGNOSTIC SYSTEMS, INC.",SKU0016,"HIV 1/2, Stat-Pak HIV, Kit, 20 Tests",Stat-Pak,20,10000,270000,27,1.35,Chembio Diagnostics Sys. Inc.,3045,28118.58,432
2741,Nigeria,PMO - US,Direct Drop,EXW,Air,10-Jul-07,3-Aug-07,HRDT,HIV test,"CHEMBIO DIAGNOSTIC SYSTEMS, INC.",SKU0016,"HIV 1/2, Stat-Pak HIV, Kit, 20 Tests",Stat-Pak,20,11500,310500,27,1.35,Chembio Diagnostics Sys. Inc.,3276,43664.71,496.8
2756,Nigeria,PMO - US,Direct Drop,EXW,Air,4-Jul-07,4-Jul-07,HRDT,HIV test,"CHEMBIO DIAGNOSTIC SYSTEMS, INC.",SKU0016,"HIV 1/2, Stat-Pak HIV, Kit, 20 Tests",Stat-Pak,20,8000,216000,27,1.35,Chembio Diagnostics Sys. Inc.,2603,22838.29,345.6
2765,Vietnam,PMO - US,Direct Drop,EXW,Air,2-Oct-07,2-Oct-07,ARV,Adult,Aurobindo Pharma Limited,SKU0026,"Efavirenz 600mg, tablets, 30 Tabs",Generic,30,22500,277425,12.33,0.41,"Aurobindo Unit III, India",2895,18045.24,443.88
2766,Vietnam,PMO - US,Direct Drop,EXW,Air,2-Oct-07,2-Oct-07,ARV,Pediatric,Aurobindo Pharma Limited,SKU0048,"Lamivudine 10mg/ml, oral solution, Bottle, 240 ml",Generic,240,500,950,1.9,0.01,"Aurobindo Unit III, India",See ASN-744 (ID#:1356),See ASN-744 (ID#:1356),1.52
2767,Vietnam,PMO - US,Direct Drop,CIP,Air,8-Nov-07,8-Nov-07,ARV,Pediatric,BRISTOL-MYERS SQUIBB,SKU0028,"Didanosine 25mg [Videx], chewable tablets, 60 Tabs",Videx,60,800,5600,7,0.12,"BMS Meymac, France",161,2514.05,8.96
2785,Vietnam,PMO - US,Direct Drop,FCA,Air,10-Sep-07,10-Sep-07,ARV,Pediatric,ABBVIE LOGISTICS (FORMERLY ABBOTT LOGISTICS BV),SKU0042,"Lopinavir/Ritonavir 80/20mg/ml [Kaletra], oral solution, cool, Bottle 5 x 60 ml",Kaletra,300,200,16440,82.2,0.27,ABBVIE (Abbott) Logis. UK,340,2326.1,26.3
2794,Tanzania,PMO - US,Direct Drop,EXW,Air,19-Dec-07,19-Dec-07,HRDT,HIV test,"Standard Diagnostics, Inc.",SKU0019,"HIV 1/2, Bioline 3.0 Kit, Lancets, Capillary pipets, Alcohol swabs included, 25 Tests",Bioline,25,10000,200000,20,0.8,"Standard Diagnostics, Korea",3336,27791.62,320
2795,Tanzania,PMO - US,Direct Drop,EXW,Air,22-Jan-08,22-Jan-08,HRDT,HIV test,"Standard Diagnostics, Inc.",SKU0019,"HIV 1/2, Bioline 3.0 Kit, Lancets, Capillary pipets, Alcohol swabs included, 25 Tests",Bioline,25,5000,100000,20,0.8,"Standard Diagnostics, Korea",1456,14505.37,160
2796,Namibia,PMO - US,Direct Drop,EXW,Air,29-Aug-07,29-Aug-07,HRDT,HIV test,"Orgenics, Ltd",SKU0055,"HIV 1/2, Clearview Complete Kit, 25 Tests",Clearview,25,150,11250,75,3,Not Applicable,Weight Captured Separately,Invoiced Separately,18
2808,Ethiopia,PMO - US,Direct Drop,EXW,Air,20-Nov-07,24-Dec-07,ARV,Adult,Aurobindo Pharma Limited,SKU0004,"Stavudine 30mg, capsules, 60 Caps",Generic,60,35065,54350.75,1.55,0.03,"Aurobindo Unit III, India",2318,6755.81,86.96
2823,Guyana,PMO - US,Direct Drop,EXW,Air,3-Dec-07,3-Dec-07,HRDT,HIV test,"Trinity Biotech, Plc",SKU0009,"HIV 1/2, Uni-Gold HIV Kit, 20 Tests",Uni-Gold,20,2220,71040,32,1.6,"Trinity Biotech, Plc",732,6524.19,113.66
2892,Uganda,PMO - US,Direct Drop,CIP,Air,31-Mar-08,31-Mar-08,ARV,Adult,BRISTOL-MYERS SQUIBB,SKU0032,"Didanosine EC 400mg [Videx EC], delayed-release capsules, Blister 3 x 10 Caps",Videx EC,30,140,3313.8,23.67,0.79,"BMS Meymac, France",6,Freight Included in Commodity Cost,5.3
2921,South Africa,PMO - US,Direct Drop,DDP,,29-Jan-08,29-Jan-08,ARV,Pediatric,"JSI R&T INSTITUTE, INC.",SKU0047,"Lamivudine 10mg/ml [Epivir], oral solution, Bottle, 240 ml",Epivir,240,500,3630,7.26,0.03,GSK Mississauga (Canada),Weight Captured Separately,Freight Included in Commodity Cost,5.81
2922,South Africa,PMO - US,Direct Drop,DDP,,29-Jan-08,29-Jan-08,ARV,Adult,"JSI R&T INSTITUTE, INC.",SKU0021,"Tenofovir Disoproxil Fumarate 300mg [Viread], tablets, 30 Tabs",Viread,30,20,535.2,26.76,0.89,"Aspen-OSD, Port Elizabeth, SA",Weight Captured Separately,Freight Included in Commodity Cost,0.86
2923,South Africa,PMO - US,Direct Drop,DDP,,29-Jan-08,29-Jan-08,ARV,Adult,"JSI R&T INSTITUTE, INC.",SKU0053,"Emtricitabine/Tenofovir Disoproxil Fumarate 200/300mg [Truvada], tablets, 30 Tabs",Truvada,30,10,443,44.3,1.48,"Aspen-OSD, Port Elizabeth, SA",Weight Captured Separately,Freight Included in Commodity Cost,0.71
2927,Rwanda,PMO - US,Direct Drop,EXW,Air,10-Jan-08,10-Jan-08,HRDT,HIV test,"Trinity Biotech, Plc",SKU0009,"HIV 1/2, Uni-Gold HIV Kit, 20 Tests",Uni-Gold,20,4500,144000,32,1.6,"Trinity Biotech, Plc",2300,38425.29,230.4
2960,Haiti,PMO - US,Direct Drop,EXW,Air,22-Aug-08,22-Aug-08,HRDT,HIV test,"Trinity Biotech, Plc",SKU0024,"HIV 1/2, Capillus HIV Kit, 100 Tests",Capillus,100,2,278,139,1.39,"Trinity Biotech, Plc",Weight Captured Separately,Invoiced Separately,0.44
2965,Haiti,PMO - US,Direct Drop,EXW,Air,27-Feb-08,18-Feb-08,HRDT,HIV test,"Trinity Biotech, Plc",SKU0024,"HIV 1/2, Capillus HIV Kit, 100 Tests",Capillus,100,4,556,139,1.39,"Trinity Biotech, Plc",Weight Captured Separately,Invoiced Separately,0.89
2993,South Africa,PMO - US,Direct Drop,DDP,,21-Jan-08,4-Jan-08,ARV,Pediatric,"JSI R&T INSTITUTE, INC.",SKU0062,"Efavirenz 50mg [Stocrin/Sustiva], capsule, 30 Caps",Stocrin/Sustiva,30,200,696,3.48,0.12,"MSD Midrand, J'burg, SA",Weight Captured Separately,Freight Included in Commodity Cost,1.11
2994,South Africa,PMO - US,Direct Drop,DDP,,21-Jan-08,4-Jan-08,ARV,Adult,"JSI R&T INSTITUTE, INC.",SKU0073,"Efavirenz 600mg [Stocrin/Sustiva], tablets, 30 Tabs",Stocrin/Sustiva,30,1200,23808,19.84,0.66,"MSD Midrand, J'burg, SA",Weight Captured Separately,Freight Included in Commodity Cost,38.09
2995,South Africa,PMO - US,Direct Drop,DDP,,21-Jan-08,4-Jan-08,ARV,Adult,"JSI R&T INSTITUTE, INC.",SKU0053,"Emtricitabine/Tenofovir Disoproxil Fumarate 200/300mg [Truvada], tablets, 30 Tabs",Truvada,30,30,1271.1,42.37,1.41,"Aspen-OSD, Port Elizabeth, SA",Weight Captured Separately,Freight Included in Commodity Cost,2.03
2996,South Africa,PMO - US,Direct Drop,DDP,,21-Jan-08,4-Jan-08,ARV,Adult,"JSI R&T INSTITUTE, INC.",SKU0056,"Ritonavir 100mg [Norvir], capsules, cool, 84 Caps",Norvir,84,3,32.31,10.77,0.13,ABBVIE (Abbott) Logis. UK,Weight Captured Separately,Freight Included in Commodity Cost,0.05
3007,Côte d'Ivoire,PMO - US,Direct Drop,CIP,Air,8-Apr-08,8-Apr-08,ARV,Pediatric,BRISTOL-MYERS SQUIBB,SKU0028,"Didanosine 25mg [Videx], chewable tablets, 60 Tabs",Videx,60,546,3822,7,0.12,"BMS Meymac, France",108,Freight Included in Commodity Cost,6.12
3008,Nigeria,PMO - US,Direct Drop,EXW,Air,19-Sep-08,19-Sep-08,HRDT,HIV test,"CHEMBIO DIAGNOSTIC SYSTEMS, INC.",SKU0016,"HIV 1/2, Stat-Pak HIV, Kit, 20 Tests",Stat-Pak,20,9048,244296,27,1.35,Chembio Diagnostics Sys. Inc.,2985,20635.3,390.87
3009,Nigeria,PMO - US,Direct Drop,EXW,Air,12-Mar-08,10-Mar-08,HRDT,HIV test,"Orgenics, Ltd",SKU0017,"HIV 1/2, Determine HIV Kit, without Lancets, 100 Tests",Determine,100,3000,239970,79.99,0.8,Inverness Japan,861,12770.05,383.95
3010,Nigeria,PMO - US,Direct Drop,EXW,Air,12-Mar-08,12-Mar-08,HRDT,HIV test,"Orgenics, Ltd",SKU0017,"HIV 1/2, Determine HIV Kit, without Lancets, 100 Tests",Determine,100,3199,255888.01,79.99,0.8,Inverness Japan,550,8213.59,409.42
3026,South Africa,PMO - US,Direct Drop,DDP,Truck,5-Feb-08,21-Jan-08,ARV,Adult,"JSI R&T INSTITUTE, INC.",SKU0031,"Didanosine EC 250mg [Videx EC], delayed-release capsules, Blister 3 x 10 Caps",Videx EC,30,400,8416,21.04,0.7,"BMS Meymac, France",Weight Captured Separately,Freight Included in Commodity Cost,13.47
3037,Ethiopia,PMO - US,Direct Drop,CIP,Air,27-Feb-08,27-Feb-08,HRDT,HIV test,SUB-SAHARAN BIOMEDICAL P.L.C.,SKU0002,"HIV 1/2, Determine Complete HIV Kit, 100 Tests",Determine,100,805,62967.1,78.22,0.78,Inverness Japan,Weight Captured Separately,Freight Included in Commodity Cost,100.75
3039,Mozambique,PMO - US,Direct Drop,EXW,Air,13-Jun-08,13-Jun-08,HRDT,HIV test - Ancillary,"Orgenics, Ltd",SKU0022,"HIV, Lancet, Safety, for HIV Test kits, 100 Pcs",Generic,100,4200,42,0.01,0,Inverness Japan,Weight Captured Separately,Invoiced Separately,0.07
3040,Zambia,PMO - US,Direct Drop,EXW,Air,22-Apr-08,5-May-08,HRDT,HIV test,"Orgenics, Ltd",SKU0017,"HIV 1/2, Determine HIV Kit, without Lancets, 100 Tests",Determine,100,2000,143980,71.99,0.72,Inverness Japan,455,4113.16,230.37
3049,Côte d'Ivoire,PMO - US,Direct Drop,EXW,Air,8-Apr-08,8-Apr-08,HRDT,HIV test,"Orgenics, Ltd",SKU0017,"HIV 1/2, Determine HIV Kit, without Lancets, 100 Tests",Determine,100,70,5039.3,71.99,0.72,Inverness Japan,16,515.48,8.06
3050,Côte d'Ivoire,PMO - US,Direct Drop,EXW,Air,25-Apr-08,25-Apr-08,HRDT,HIV test,"Orgenics, Ltd",SKU0017,"HIV 1/2, Determine HIV Kit, without Lancets, 100 Tests",Determine,100,1116,78120,70,0.7,Inverness Japan,255,5303.05,124.99
3055,Uganda,PMO - US,Direct Drop,EXW,Air,22-May-08,22-May-08,HRDT,HIV test,"Orgenics, Ltd",SKU0017,"HIV 1/2, Determine HIV Kit, without Lancets, 100 Tests",Determine,100,850,61191.5,71.99,0.72,Inverness Japan,194,2642.45,97.91
3080,South Africa,PMO - US,Direct Drop,DDP,Truck,24-Apr-08,29-Feb-08,ARV,Pediatric,S. BUYS WHOLESALER,SKU0006,"Efavirenz 200mg [Stocrin/Sustiva], capsule, 90 Caps",Stocrin/Sustiva,90,20,563,28.15,0.31,"MSD Midrand, J'burg, SA",Weight Captured Separately,Freight Included in Commodity Cost,0.9
3081,South Africa,PMO - US,Direct Drop,DDP,Truck,24-Apr-08,24-Apr-08,ARV,Adult,S. BUYS WHOLESALER,SKU0026,"Efavirenz 600mg, tablets, 30 Tabs",Generic,30,2500,37500,15,0.5,"Cipla, Goa, India",Weight Captured Separately,Freight Included in Commodity Cost,60
3094,Vietnam,PMO - US,Direct Drop,EXW,Air,7-Jul-08,7-Jul-08,ARV,Adult,Aurobindo Pharma Limited,SKU0058,"Abacavir 300mg, tablets, 60 Tabs",Generic,60,520,13000,25,0.42,"Aurobindo Unit III, India",137,5260.46,20.8
3096,Vietnam,PMO - US,Direct Drop,EXW,Air,17-Jun-08,17-Jun-08,ARV,Adult,STRIDES ARCOLAB LIMITED,SKU0004,"Stavudine 30mg, capsules, 60 Caps",Generic,60,2576,3889.76,1.51,0.03,"Strides, Bangalore, India.",121,2789.74,6.22
3097,Vietnam,PMO - US,Direct Drop,EXW,Air,20-Jun-08,20-Jun-08,ARV,Adult,STRIDES ARCOLAB LIMITED,SKU0004,"Stavudine 30mg, capsules, 60 Caps",Generic,60,2464,3720.64,1.51,0.03,"Strides, Bangalore, India.",114,2879.96,5.95
3152,Botswana,PMO - US,Direct Drop,EXW,Air,31-Jul-08,31-Jul-08,HRDT,HIV test,"Orgenics, Ltd",SKU0017,"HIV 1/2, Determine HIV Kit, without Lancets, 100 Tests",Determine,100,100,7199,71.99,0.72,Inverness Japan,25,641.04,11.52
3153,Botswana,PMO - US,Direct Drop,EXW,Air,31-Jul-08,7-Jul-08,HRDT,HIV test - Ancillary,"Orgenics, Ltd",SKU0022,"HIV, Lancet, Safety, for HIV Test kits, 100 Pcs",Generic,100,100,1,0.01,0,Inverness Japan,Weight Captured Separately,Invoiced Separately,0
3154,Botswana,PMO - US,Direct Drop,EXW,Air,20-Jan-09,3-Sep-08,HRDT,HIV test,"Orgenics, Ltd",SKU0017,"HIV 1/2, Determine HIV Kit, without Lancets, 100 Tests",Determine,100,100,7199,71.99,0.72,Inverness Japan,25,1038.39,11.52
3159,Ethiopia,PMO - US,Direct Drop,DDP,Air,1-Jul-08,1-Jul-08,HRDT,HIV test,SETEMA LIMITED PLC,SKU0016,"HIV 1/2, Stat-Pak HIV, Kit, 20 Tests",Stat-Pak,20,81,3798.09,46.89,2.34,Chembio Diagnostics Sys. Inc.,Weight Captured Separately,Freight Included in Commodity Cost,6.08
3191,South Africa,PMO - US,Direct Drop,DDP,Truck,20-Aug-08,14-May-08,ARV,Adult,S. BUYS WHOLESALER,SKU0056,"Ritonavir 100mg [Norvir], capsules, cool, 84 Caps",Norvir,84,4,38.88,9.72,0.12,ABBVIE (Abbott) Logis. UK,Weight Captured Separately,Freight Included in Commodity Cost,0.06
3192,South Africa,PMO - US,Direct Drop,DDP,Truck,20-Aug-08,8-May-08,ARV,Adult,S. BUYS WHOLESALER,SKU0007,"Nevirapine 200mg, tablets, 60 Tabs",Generic,60,150,3166.5,21.11,0.35,"Cipla, Goa, India",Weight Captured Separately,Freight Included in Commodity Cost,5.07
3193,South Africa,PMO - US,Direct Drop,DDP,Truck,20-Aug-08,8-May-08,ARV,Adult,S. BUYS WHOLESALER,SKU0074,"Stavudine 30mg [Zerit], capsules, 60 Caps",Zerit,60,1350,6979.5,5.17,0.09,"BMS Meymac, France",Weight Captured Separately,Freight Included in Commodity Cost,11.17
3202,Haiti,PMO - US,Direct Drop,EXW,Air,17-Nov-08,17-Nov-08,HRDT,HIV test,"Orgenics, Ltd",SKU0017,"HIV 1/2, Determine HIV Kit, without Lancets, 100 Tests",Determine,100,1123,78610,70,0.7,Inverness Japan,257,2873.56,154.08
3245,Zambia,PMO - US,Direct Drop,EXW,Air,26-Sep-08,26-Sep-08,HRDT,HIV test,"Trinity Biotech, Plc",SKU0009,"HIV 1/2, Uni-Gold HIV Kit, 20 Tests",Uni-Gold,20,9000,288000,32,1.6,"Trinity Biotech, Plc",3000,34902.96,460.8
3261,Vietnam,PMO - US,Direct Drop,EXW,Air,20-Sep-08,20-Sep-08,ARV,Adult,MYLAN LABORATORIES LTD (FORMERLY MATRIX LABORATORIES),SKU0029,"Tenofovir Disoproxil Fumarate 300mg, tablets, 30 Tabs",Generic,30,2016,24917.76,12.36,0.41,Mylan (formerly Matrix) Nashik,120,5921.97,39.87
3282,South Africa,PMO - US,Direct Drop,DDP,Truck,10-Jul-08,8-Jul-08,ARV,Adult,S. BUYS WHOLESALER,SKU0026,"Efavirenz 600mg, tablets, 30 Tabs",Generic,30,1000,16190,16.19,0.54,"Cipla, Goa, India",Weight Captured Separately,Freight Included in Commodity Cost,25.9
3292,Nigeria,PMO - US,Direct Drop,EXW,Air,7-Nov-08,21-Oct-08,HRDT,HIV test,"CHEMBIO DIAGNOSTIC SYSTEMS, INC.",SKU0016,"HIV 1/2, Stat-Pak HIV, Kit, 20 Tests",Stat-Pak,20,12315,332505,27,1.35,Chembio Diagnostics Sys. Inc.,3508,29954.15,532.01
3294,Uganda,PMO - US,Direct Drop,CIP,Air,9-Sep-08,9-Sep-08,ARV,Adult,BRISTOL-MYERS SQUIBB,SKU0032,"Didanosine EC 400mg [Videx EC], delayed-release capsules, Blister 3 x 10 Caps",Videx EC,30,50,1183.5,23.67,0.79,"BMS Meymac, France",2,330,1.89
3302,Vietnam,PMO - US,Direct Drop,EXW,Air,29-Nov-08,29-Nov-08,ARV,Adult,CIPLA LIMITED,SKU0044,"Lamivudine/Nevirapine/Stavudine 150/200/30mg, tablets, 60 Tabs",Generic,60,1440,10440,7.25,0.12,"Cipla, Goa, India",128,2147.61,20.46
3313,Zambia,PMO - US,Direct Drop,EXW,Air,20-Oct-08,20-Oct-08,HRDT,HIV test - Ancillary,"Orgenics, Ltd",SKU0022,"HIV, Lancet, Safety, for HIV Test kits, 100 Pcs",Generic,100,4500,45,0.01,0,Inverness Japan,See ASN-2641 (ID#:670),See ASN-2641 (ID#:670),0.09
3354,Ethiopia,PMO - US,Direct Drop,EXW,Air,17-Nov-08,17-Nov-08,HRDT,HIV test,"SHANGHAI KEHUA BIOENGINEERING CO.,LTD.  (KHB)",SKU0063,"HIV 1/2, SKB Colloidal Gold, Diagnostic Kit, Antibody, 50 Tests",Colloidal Gold,1,6998,160954,23,23,"KHB Test Kit Facility, Shanghai China",4913,46117.09,315.47
3357,South Africa,PMO - US,Direct Drop,DDP,Truck,25-Aug-08,18-Aug-08,ARV,Pediatric,S. BUYS WHOLESALER,SKU0020,"Zidovudine 10mg/ml [Retrovir], oral solution, Bottle, 200 ml",Retrovir,200,60,360.6,6.01,0.03,GSK Mississauga (Canada),Weight Captured Separately,Freight Included in Commodity Cost,0.58
3358,South Africa,PMO - US,Direct Drop,DDP,Truck,25-Aug-08,14-Aug-08,ARV,Adult,S. BUYS WHOLESALER,SKU0075,"Stavudine 40mg [Zerit], capsules, 60 Caps",Zerit,60,130,644.8,4.96,0.08,"BMS Meymac, France",Weight Captured Separately,Freight Included in Commodity Cost,1.03
3359,South Africa,PMO - US,Direct Drop,DDP,Truck,25-Aug-08,18-Aug-08,ARV,Adult,S. BUYS WHOLESALER,SKU0033,"Abacavir 300mg [Ziagen], tablets, Blister 6 x 10 Tabs",Ziagen,60,40,1337.2,33.43,0.56,GSK Ware (UK),Weight Captured Separately,Freight Included in Commodity Cost,2.14
3360,Namibia,PMO - US,Direct Drop,EXW,Air,25-Sep-08,25-Sep-08,HRDT,HIV test,"Orgenics, Ltd",SKU0055,"HIV 1/2, Clearview Complete Kit, 25 Tests",Clearview,25,1,75,75,3,Inverness Japan,Weight Captured Separately,Invoiced Separately,0.12
3375,Côte d'Ivoire,PMO - US,Direct Drop,EXW,Air,23-Jan-09,23-Jan-09,ACT,ACT,IDA FOUNDATION,SKU0037,"Artesunate+Amodiaquine 50+153mg, tablets, co-blister 6+6 Tabs",Generic,12,50000,19500,0.39,0.03,Ipca Dadra/Nagar Haveli IN,See ASN-2921 (ID#:719),See ASN-2921 (ID#:719),38.22
3378,Mozambique,PMO - US,Direct Drop,FCA,Air,17-Feb-09,17-Feb-09,HRDT,HIV test,Abbott GmbH & Co. KG,SKU0002,"HIV 1/2, Determine Complete HIV Kit, 100 Tests",Determine,100,1000,80000,80,0.8,ABBVIE GmbH & Co.KG Wiesbaden,337,3499.18,156.8
3386,Mozambique,PMO - US,Direct Drop,EXW,Air,3-Oct-08,3-Oct-08,HRDT,HIV test,"Orgenics, Ltd",SKU0017,"HIV 1/2, Determine HIV Kit, without Lancets, 100 Tests",Determine,100,1000,71990,71.99,0.72,Inverness Japan,296,2648.82,115.18
3419,Côte d'Ivoire,PMO - US,Direct Drop,EXW,Air,12-Dec-08,12-Dec-08,HRDT,HIV test,BIO-RAD LABORATORIES (FRANCE),SKU0025,"#108853** HIV, Genie II HIV-1/HIV-2 Kit, 40 Tests",Genie,40,862,65512,76,1.9,Bio-Rad Laboratories,963,25080.52,128.4
3421,Nigeria,PMO - US,Direct Drop,CIP,Air,10-Oct-08,10-Oct-08,ARV,Adult,MERCK SHARP & DOHME IDEA GMBH (FORMALLY MERCK SHARP & DOHME B.V.),SKU0038,"Efavirenz/Emtricitabine/Tenofovir Disoproxil Fumarate 600/200/300mg [Atripla], tablets, 30 Tabs",Atripla,30,5900,297360,50.4,1.68,"MSD, Haarlem, NL",493,1727.2,475.78
3441,Zambia,PMO - US,Direct Drop,EXW,Air,18-Mar-09,18-Mar-09,HRDT,HIV test,"Orgenics, Ltd",SKU0017,"HIV 1/2, Determine HIV Kit, without Lancets, 100 Tests",Determine,100,5500,395945,71.99,0.72,Inverness Japan,1624,12646.15,776.05
3456,Vietnam,PMO - US,Direct Drop,EXW,Air,23-Feb-09,23-Feb-09,ARV,Adult,Aurobindo Pharma Limited,SKU0003,"Lamivudine 150mg, tablets, 60 Tabs",Generic,60,6156,14774.4,2.4,0.04,"Aurobindo Unit III, India",1044,3854.23,28.96
3457,Namibia,PMO - US,Direct Drop,EXW,Air,22-Jan-09,22-Jan-09,HRDT,HIV test,"Orgenics, Ltd",SKU0002,"HIV 1/2, Determine Complete HIV Kit, 100 Tests",Determine,100,150,10800,72,0.72,Inverness Japan,46,2946.64,21.17
3470,Uganda,PMO - US,Direct Drop,CIP,Air,9-Dec-08,9-Dec-08,ARV,Adult,BRISTOL-MYERS SQUIBB,SKU0031,"Didanosine EC 250mg [Videx EC], delayed-release capsules, Blister 3 x 10 Caps",Videx EC,30,50,917,18.34,0.61,"BMS Meymac, France",2,378,1.8
3479,Ethiopia,PMO - US,Direct Drop,EXW,Air,26-Jan-09,20-Jan-09,HRDT,HIV test,"SHANGHAI KEHUA BIOENGINEERING CO.,LTD.  (KHB)",SKU0063,"HIV 1/2, SKB Colloidal Gold, Diagnostic Kit, Antibody, 50 Tests",Colloidal Gold,1,3510,80730,23,23,"KHB Test Kit Facility, Shanghai China",2535,20083.74,158.23
3490,South Africa,PMO - US,Direct Drop,DDP,Truck,17-May-09,9-Oct-08,ARV,Adult,S. BUYS WHOLESALER,SKU0074,"Stavudine 30mg [Zerit], capsules, 60 Caps",Zerit,60,1200,5772,4.81,0.08,"BMS Meymac, France",Weight Captured Separately,Freight Included in Commodity Cost,11.31
3499,Tanzania,PMO - US,Direct Drop,EXW,Air,19-Jan-09,19-Jan-09,HRDT,HIV test,"Trinity Biotech, Plc",SKU0009,"HIV 1/2, Uni-Gold HIV Kit, 20 Tests",Uni-Gold,20,839,26848,32,1.6,"Trinity Biotech, Plc",284,3261.37,52.62
3507,Nigeria,PMO - US,Direct Drop,EXW,Air,5-Feb-09,5-Feb-09,HRDT,HIV test,"Orgenics, Ltd",SKU0002,"HIV 1/2, Determine Complete HIV Kit, 100 Tests",Determine,100,5259,420720,80,0.8,Inverness Japan,1584,22775.45,824.61
3508,Namibia,PMO - US,Direct Drop,EXW,Air,27-Jan-09,27-Jan-09,HRDT,HIV test,INVERNESS MEDICAL INNOVATIONS SOUTH AFRICA (PTY) LTD,SKU0017,"HIV 1/2, Determine HIV Kit, without Lancets, 100 Tests",Determine,100,7,490,70,0.7,Inverness Japan,See ASN-3110 (ID#:2173),See ASN-3110 (ID#:2173),0.96
3551,Guyana,PMO - US,Direct Drop,EXW,Air,17-Mar-09,13-Mar-09,HRDT,HIV test,"Trinity Biotech, Plc",SKU0009,"HIV 1/2, Uni-Gold HIV Kit, 20 Tests",Uni-Gold,20,1062,33984,32,1.6,"Trinity Biotech, Plc",355,4457.29,66.61
3552,Guyana,PMO - US,Direct Drop,EXW,Air,17-Mar-09,17-Mar-09,HRDT,HIV test,"Orgenics, Ltd",SKU0002,"HIV 1/2, Determine Complete HIV Kit, 100 Tests",Determine,100,213,15336,72,0.72,Inverness Japan,64,1083.36,30.06
3615,Vietnam,PMO - US,Direct Drop,EXW,Air,11-Apr-09,11-Apr-09,ARV,Adult,MYLAN LABORATORIES LTD (FORMERLY MATRIX LABORATORIES),SKU0014,"Zidovudine 300mg, tablets, 60 Tabs",Generic,60,336,2520,7.5,0.12,Mylan (formerly Matrix) Nashik,18,2525.73,4.94
3616,Vietnam,PMO - US,Direct Drop,EXW,Air,7-Apr-09,7-Apr-09,ARV,Adult,Aurobindo Pharma Limited,SKU0054,"Lamivudine/Nevirapine/Zidovudine 150/200/300mg, tablets, 60 Tabs",Generic,60,300,3345,11.15,0.19,"Aurobindo Unit III, India",See ASN-3561 (ID#:2297),See ASN-3561 (ID#:2297),6.56
3674,Rwanda,PMO - US,Direct Drop,EXW,Air,1-Apr-09,1-Apr-09,HRDT,HIV test,"Orgenics, Ltd",SKU0017,"HIV 1/2, Determine HIV Kit, without Lancets, 100 Tests",Determine,100,386,27020,70,0.7,Inverness Japan,88,3936.25,52.96
3718,Haiti,PMO - US,Direct Drop,CIP,Air,31-Mar-09,31-Mar-09,ARV,Pediatric,BRISTOL-MYERS SQUIBB,SKU0028,"Didanosine 25mg [Videx], chewable tablets, 60 Tabs",Videx,60,80,560,7,0.12,"BMS Meymac, France",See ASN-3675 (ID#:1046),See ASN-3675 (ID#:1046),1.1
3719,Haiti,PMO - US,Direct Drop,FCA,Air,15-Apr-09,15-Apr-09,ARV,Adult,ABBVIE LOGISTICS (FORMERLY ABBOTT LOGISTICS BV),SKU0008,"Lopinavir/Ritonavir 200/50mg [Aluvia], tablets, 120 Tabs",Aluvia,120,1470,60417,41.1,0.34,ABBVIE Ludwigshafen Germany,362,2490.67,118.42
3735,South Africa,PMO - US,Direct Drop,DDP,Air,17-Mar-09,28-Nov-08,ARV,Adult,S. BUYS WHOLESALER,SKU0050,"Stavudine 15mg [Zerit], capsules, 60 Caps",Zerit,60,1000,3970,3.97,0.07,"BMS Meymac, France",Weight Captured Separately,Freight Included in Commodity Cost,7.78
3736,South Africa,PMO - US,Direct Drop,DDP,Air,17-Mar-09,28-Nov-08,ARV,Adult,S. BUYS WHOLESALER,SKU0004,"Stavudine 30mg, capsules, 60 Caps",Generic,60,3675,9371.25,2.55,0.04,"Aurobindo Unit III, India",Weight Captured Separately,Freight Included in Commodity Cost,18.37
3737,South Africa,PMO - US,Direct Drop,DDP,Air,24-Mar-09,1-Dec-08,ARV,Pediatric,S. BUYS WHOLESALER,SKU0066,"Efavirenz 200mg, capsule, 90 Caps",Generic,90,824,15515.92,18.83,0.21,"Aurobindo Unit III, India",Weight Captured Separately,Freight Included in Commodity Cost,30.41
3738,South Africa,PMO - US,Direct Drop,DDP,Air,14-Apr-09,4-Dec-08,ARV,Adult,S. BUYS WHOLESALER,SKU0067,"Nevirapine 200mg [Viramune], tablets, 60 Tabs",Viramune,60,10560,163046.4,15.44,0.26,"Boehringer Ing., Koropi, GR",Weight Captured Separately,Freight Included in Commodity Cost,319.57
3739,South Africa,PMO - US,Direct Drop,DDP,Air,19-May-09,2-Jan-09,ARV,Adult,S. BUYS WHOLESALER,SKU0061,"Lamivudine 150mg [Epivir], tablets, 60 Tabs",Epivir,60,10000,56800,5.68,0.09,GSK Cape Town Factory (South Africa),Weight Captured Separately,Freight Included in Commodity Cost,111.33
3743,South Africa,PMO - US,Direct Drop,DDP,Air,7-Apr-09,3-Dec-08,ARV,Adult,S. BUYS WHOLESALER,SKU0067,"Nevirapine 200mg [Viramune], tablets, 60 Tabs",Viramune,60,1560,23649.6,15.16,0.25,"Boehringer Ing., Koropi, GR",Weight Captured Separately,Freight Included in Commodity Cost,46.35
3745,South Africa,PMO - US,Direct Drop,DDP,Air,21-Apr-09,5-Dec-08,ARV,Pediatric,S. BUYS WHOLESALER,SKU0062,"Efavirenz 50mg [Stocrin/Sustiva], capsule, 30 Caps",Stocrin/Sustiva,30,360,849.6,2.36,0.08,"MSD Midrand, J'burg, SA",Weight Captured Separately,4230.75,1.67
3746,South Africa,PMO - US,Direct Drop,DDP,Air,26-May-09,22-Jan-09,ARV,Pediatric,S. BUYS WHOLESALER,SKU0076,"Stavudine 1mg/ml, powder for oral solution, 200 ml",Generic,200,3000,5970,1.99,0.01,"Aurobindo Unit III, India",Weight Captured Separately,Freight Included in Commodity Cost,11.7
3747,South Africa,PMO - US,Direct Drop,DDP,Air,17-Jun-09,3-Apr-09,ARV,Adult,S. BUYS WHOLESALER,SKU0014,"Zidovudine 300mg, tablets, 60 Tabs",Generic,60,1977,23091.36,11.68,0.19,"Aurobindo Unit III, India",Weight Captured Separately,Freight Included in Commodity Cost,45.26
3748,South Africa,PMO - US,Direct Drop,DDP,Air,17-Jun-09,17-Apr-09,ARV,Adult,S. BUYS WHOLESALER,SKU0026,"Efavirenz 600mg, tablets, 30 Tabs",Generic,30,282,4314.6,15.3,0.51,"Aurobindo Unit III, India",Weight Captured Separately,Freight Included in Commodity Cost,8.46
3749,South Africa,PMO - US,Direct Drop,DDP,Air,31-Mar-09,21-Nov-08,ARV,Pediatric,S. BUYS WHOLESALER,SKU0035,"Nevirapine 10mg/ml [Viramune], oral suspension, Bottle, 240 ml",Viramune,240,30,312.6,10.42,0.04,"BI, Ingelheim, Germany",Weight Captured Separately,Freight Included in Commodity Cost,0.61
3751,South Africa,PMO - US,Direct Drop,DDP,Air,30-Mar-09,21-Jan-09,ARV,Adult,S. BUYS WHOLESALER,SKU0032,"Didanosine EC 400mg [Videx EC], delayed-release capsules, Blister 3 x 10 Caps",Videx EC,30,60,1095,18.25,0.61,"BMS Meymac, France",Weight Captured Separately,Freight Included in Commodity Cost,2.15
3752,South Africa,PMO - US,Direct Drop,DDP,Air,30-Mar-09,21-Jan-09,ARV,Pediatric,S. BUYS WHOLESALER,SKU0068,"Zidovudine 10mg/ml [Retrovir], solution for IV infusion injection, Vial 5 x 20 ml",Retrovir,5,10,125.1,12.51,2.5,GSK Ware (UK),Weight Captured Separately,Freight Included in Commodity Cost,0.25
3753,South Africa,PMO - US,Direct Drop,DDP,Air,30-Mar-09,23-Jan-09,ARV,Adult,S. BUYS WHOLESALER,SKU0027,"Saquinavir 200mg [Invirase], capsules, 270 Caps",Invirase,270,2,114.9,57.45,0.21,Roche Basel,Weight Captured Separately,Freight Included in Commodity Cost,0.23
3754,South Africa,PMO - US,Direct Drop,DDP,Air,30-Mar-09,23-Jan-09,ARV,Adult,S. BUYS WHOLESALER,SKU0056,"Ritonavir 100mg [Norvir], capsules, cool, 84 Caps",Norvir,84,20,147,7.35,0.09,ABBVIE (Abbott) Logis. UK,Weight Captured Separately,Freight Included in Commodity Cost,0.29
3763,South Africa,PMO - US,Direct Drop,DDP,Air,25-Jun-09,20-Apr-09,ARV,Pediatric,S. BUYS WHOLESALER,SKU0068,"Zidovudine 10mg/ml [Retrovir], solution for IV infusion injection, Vial 5 x 20 ml",Retrovir,5,334,4559.1,13.65,2.73,GSK Ware (UK),Weight Captured Separately,Freight Included in Commodity Cost,8.94
3767,South Africa,PMO - US,Direct Drop,DDP,Air,25-Jun-09,8-Apr-09,ARV,Adult,S. BUYS WHOLESALER,SKU0026,"Efavirenz 600mg, tablets, 30 Tabs",Generic,30,3500,44170,12.62,0.42,"Aurobindo Unit III, India",Weight Captured Separately,Freight Included in Commodity Cost,86.57
4020,Vietnam,PMO - US,Direct Drop,EXW,Air,2-Oct-07,2-Oct-07,ARV,Adult,Aurobindo Pharma Limited,SKU0058,"Abacavir 300mg, tablets, 60 Tabs",Generic,60,1500,41475,27.65,0.46,"Aurobindo Unit III, India",See ASN-737 (ID#:2765),See ASN-737 (ID#:2765),66.36
3768,South Africa,PMO - US,Direct Drop,DDP,Air,25-Jun-09,8-Apr-09,ARV,Pediatric,S. BUYS WHOLESALER,SKU0066,"Efavirenz 200mg, capsule, 90 Caps",Generic,90,2000,43360,21.68,0.24,"Aurobindo Unit III, India",Weight Captured Separately,Freight Included in Commodity Cost,84.99
3769,South Africa,PMO - US,Direct Drop,DDP,Air,25-Jun-09,9-Apr-09,ARV,Adult,S. BUYS WHOLESALER,SKU0008,"Lopinavir/Ritonavir 200/50mg [Aluvia], tablets, 120 Tabs",Aluvia,120,1400,49532,35.38,0.29,ABBVIE Ludwigshafen Germany,Weight Captured Separately,Freight Included in Commodity Cost,97.08
3770,South Africa,PMO - US,Direct Drop,DDP,Air,25-Jun-09,9-Apr-09,ARV,Adult,S. BUYS WHOLESALER,SKU0050,"Stavudine 15mg [Zerit], capsules, 60 Caps",Zerit,60,1800,7110,3.95,0.07,"BMS Meymac, France",Weight Captured Separately,Freight Included in Commodity Cost,13.94
3771,South Africa,PMO - US,Direct Drop,DDP,Air,25-Jun-09,21-Apr-09,ARV,Pediatric,S. BUYS WHOLESALER,SKU0077,"Zidovudine 100mg [Retrovir], capsules, 100 Caps",Retrovir,100,800,9888,12.36,0.12,GSK Crawley,Weight Captured Separately,Freight Included in Commodity Cost,19.38
3772,South Africa,PMO - US,Direct Drop,DDP,Truck,25-Jun-09,5-Jun-09,ARV,Adult,S. BUYS WHOLESALER,SKU0003,"Lamivudine 150mg, tablets, 60 Tabs",Generic,60,36,254.88,7.08,0.12,"Aurobindo Unit III, India",Weight Captured Separately,Freight Included in Commodity Cost,0.5
3781,Botswana,PMO - US,Direct Drop,EXW,Air,10-Jul-09,10-Jul-09,HRDT,HIV test,Orasure Technologies Inc.,SKU0018,"HIV 1/2, OraQuick Advance HIV Rapid Antibody Kit, 100 Tests",OraQuick,100,20,7000,350,3.5,"Pacific Biotech, Thailand",48,684.42,13.72
3787,South Africa,PMO - US,Direct Drop,DDP,Truck,15-May-09,4-May-09,ARV,Pediatric,S. BUYS WHOLESALER,SKU0077,"Zidovudine 100mg [Retrovir], capsules, 100 Caps",Retrovir,100,30,371.1,12.37,0.12,GSK Crawley,Weight Captured Separately,Freight Included in Commodity Cost,0.73
3808,Kenya,PMO - US,Direct Drop,EXW,Air,7-Aug-09,28-Aug-09,HRDT,HIV test,"Orgenics, Ltd",SKU0002,"HIV 1/2, Determine Complete HIV Kit, 100 Tests",Determine,100,7500,600000,80,0.8,Inverness Japan,2215,17974.65,1176
3828,Rwanda,PMO - US,Direct Drop,CIP,Air,21-Sep-09,21-Sep-09,ARV,Adult,MYLAN LABORATORIES LTD (FORMERLY MATRIX LABORATORIES),SKU0054,"Lamivudine/Nevirapine/Zidovudine 150/200/300mg, tablets, 60 Tabs",Generic,60,54432,641753.28,11.79,0.2,Mylan (formerly Matrix) Nashik,7278,61925.7,1257.84
3839,Namibia,PMO - US,Direct Drop,EXW,Air,20-May-09,20-May-09,HRDT,HIV test,"Orgenics, Ltd",SKU0017,"HIV 1/2, Determine HIV Kit, without Lancets, 100 Tests",Determine,100,180,12600,70,0.7,Inverness Japan,43,2760.11,24.7
3840,Côte d'Ivoire,PMO - US,Direct Drop,CIP,Air,11-Aug-09,11-Aug-09,ARV,Adult,GLAXOSMITHKLINE EXPORT LIMITED,SKU0078,"Abacavir/Lamivudine/Zidovudine 300/150/300mg [Trizivir], tablets, 60 Tabs",Trizivir,60,2048,109998.08,53.71,0.9,GSK Ware (UK),Weight Captured Separately,Freight Included in Commodity Cost,215.6
3846,Vietnam,PMO - US,Direct Drop,EXW,Air,21-Jul-09,21-Jul-09,ARV,Adult,CIPLA LIMITED,SKU0044,"Lamivudine/Nevirapine/Stavudine 150/200/30mg, tablets, 60 Tabs",Generic,60,35616,240408,6.75,0.11,"Cipla, Goa, India",3479,10048.1,471.2
3848,Vietnam,PMO - US,Direct Drop,EXW,Air,3-Aug-09,3-Aug-09,ARV,Adult,MYLAN LABORATORIES LTD (FORMERLY MATRIX LABORATORIES),SKU0026,"Efavirenz 600mg, tablets, 30 Tabs",Generic,30,6552,42588,6.5,0.22,Mylan (formerly Matrix) Nashik,524,4453.71,83.47
3851,Vietnam,PMO - US,Direct Drop,EXW,Air,10-Jul-09,10-Jul-09,ARV,Adult,Aurobindo Pharma Limited,SKU0004,"Stavudine 30mg, capsules, 60 Caps",Generic,60,15960,23142,1.45,0.02,"Aurobindo Unit III, India",1815,9931.49,45.36
3852,Vietnam,PMO - US,Direct Drop,EXW,Air,10-Jul-09,10-Jul-09,ARV,Adult,Aurobindo Pharma Limited,SKU0054,"Lamivudine/Nevirapine/Zidovudine 150/200/300mg, tablets, 60 Tabs",Generic,60,3500,39025,11.15,0.19,"Aurobindo Unit III, India",See ASN-4419 (ID#:3851),See ASN-4419 (ID#:3851),76.49
3870,Botswana,PMO - US,Direct Drop,EXW,Air,12-Jun-09,12-Jun-09,HRDT,HIV test,Orasure Technologies Inc.,SKU0018,"HIV 1/2, OraQuick Advance HIV Rapid Antibody Kit, 100 Tests",OraQuick,100,1,350,350,3.5,"Pacific Biotech, Thailand",3,597.43,0.69
3880,Vietnam,PMO - US,Direct Drop,CIP,Air,23-Jul-09,23-Jul-09,ARV,Pediatric,BRISTOL-MYERS SQUIBB,SKU0028,"Didanosine 25mg [Videx], chewable tablets, 60 Tabs",Videx,60,120,840,7,0.12,"BMS Meymac, France",Weight Captured Separately,Freight Included in Commodity Cost,1.65
3894,South Africa,PMO - US,Direct Drop,DDP,Truck,12-Oct-09,21-Jul-09,ARV,Adult,S. BUYS WHOLESALER,SKU0067,"Nevirapine 200mg [Viramune], tablets, 60 Tabs",Viramune,60,360,7041.6,19.56,0.33,"Boehringer Ing., Koropi, GR",Weight Captured Separately,Freight Included in Commodity Cost,13.8
3895,South Africa,PMO - US,Direct Drop,DDP,Truck,12-Oct-09,21-Jul-09,ARV,Adult,S. BUYS WHOLESALER,SKU0031,"Didanosine EC 250mg [Videx EC], delayed-release capsules, Blister 3 x 10 Caps",Videx EC,30,40,678.8,16.97,0.57,"BMS Meymac, France",Weight Captured Separately,Freight Included in Commodity Cost,1.33
3896,South Africa,PMO - US,Direct Drop,DDP,Truck,12-Oct-09,28-Jul-09,ARV,Adult,S. BUYS WHOLESALER,SKU0051,"Zidovudine 300mg [Retrovir], tablets, 60 Tabs",Retrovir,60,200,3136,15.68,0.26,GSK Ware (UK),Weight Captured Separately,Freight Included in Commodity Cost,6.15
3897,South Africa,PMO - US,Direct Drop,DDP,Truck,12-Oct-09,28-Jul-09,ARV,Pediatric,S. BUYS WHOLESALER,SKU0001,"Nevirapine 10mg/ml, oral suspension, Bottle, 240 ml",Generic,240,30,328.2,10.94,0.05,"Aurobindo Unit III, India",Weight Captured Separately,Freight Included in Commodity Cost,0.64
3898,South Africa,PMO - US,Direct Drop,DDP,Truck,12-Oct-09,28-Jul-09,ARV,Adult,S. BUYS WHOLESALER,SKU0027,"Saquinavir 200mg [Invirase], capsules, 270 Caps",Invirase,270,30,2298,76.6,0.28,Roche Basel,Weight Captured Separately,Freight Included in Commodity Cost,4.5
3899,South Africa,PMO - US,Direct Drop,DDP,Truck,8-Sep-09,31-Aug-09,ARV,Adult,S. BUYS WHOLESALER,SKU0021,"Tenofovir Disoproxil Fumarate 300mg [Viread], tablets, 30 Tabs",Viread,30,300,7440,24.8,0.83,"Aspen-OSD, Port Elizabeth, SA",Weight Captured Separately,Freight Included in Commodity Cost,14.58
3926,Côte d'Ivoire,PMO - US,Direct Drop,EXW,Air,10-May-06,10-May-06,HRDT,HIV test,OMEGA DIAGNOSTICS LTD,SKU0079,"HIV 1/2, Visitect Kit, 25 Tests",Visitect,25,44,1375,31.25,1.25,"OMEGA Diagnostics, UK",15,633.73,
3955,Uganda,PMO - US,Direct Drop,EXW,Air,21-Dec-06,21-Dec-06,ARV,Adult,Aurobindo Pharma Limited,SKU0011,"Lamivudine/Zidovudine 150/300mg, tablets, 60 Tabs",Generic,60,5080,55880,11,0.18,"Aurobindo Unit III, India",1172,5595.44,
3956,Vietnam,PMO - US,Direct Drop,FCA,Air,27-Mar-07,27-Mar-07,ARV,Adult,Hoffmann-La Roche ltd Basel,SKU0080,"Nelfinavir (as mesilate) 250mg [Viracept], tablets, 270 Tabs",Viracept,270,200,32688,163.44,0.61,Roche Madrid,54,13981.96,
3970,Rwanda,PMO - US,Direct Drop,EXW,Air,17-Jan-07,17-Jan-07,HRDT,HIV test,Premier Medical Corporation Ltd.,SKU0013,"HIV 1/2/O, First Response HIV 1-2.0, v.3.0 Cards Kit, 30 Tests",First Response,30,2000,42000,21,0.7,Premier Med. Corp Ltd. India,600,5714.31,
3971,Rwanda,PMO - US,Direct Drop,EXW,Air,25-Jan-07,9-Mar-07,HRDT,HIV test,"Trinity Biotech, Plc",SKU0009,"HIV 1/2, Uni-Gold HIV Kit, 20 Tests",Uni-Gold,20,500,20000,40,2,"Trinity Biotech, Plc",173,17928.53,
3972,Zambia,PMO - US,Direct Drop,EXW,Air,20-Nov-06,20-Nov-06,HRDT,HIV test,Abbott GmbH & Co. KG,SKU0002,"HIV 1/2, Determine Complete HIV Kit, 100 Tests",Determine,100,2500,200000,80,0.8,ABBVIE GmbH & Co.KG Wiesbaden,857354,5157.65,
3976,Zambia,PMO - US,Direct Drop,EXW,Air,20-Feb-07,20-Feb-07,HRDT,HIV test,"Standard Diagnostics, Inc.",SKU0019,"HIV 1/2, Bioline 3.0 Kit, Lancets, Capillary pipets, Alcohol swabs included, 25 Tests",Bioline,25,400,8000,20,0.8,"Standard Diagnostics, Korea",134,963.73,
3989,Haiti,PMO - US,Direct Drop,EXW,Air,8-May-07,8-May-07,HRDT,HIV test,"Trinity Biotech, Plc",SKU0024,"HIV 1/2, Capillus HIV Kit, 100 Tests",Capillus,100,125,17375,139,1.39,"Trinity Biotech, Plc",78,4702.79,
3992,Nigeria,PMO - US,Direct Drop,EXW,Air,19-Jun-07,6-Aug-07,HRDT,HIV test,Abbott GmbH & Co. KG,SKU0002,"HIV 1/2, Determine Complete HIV Kit, 100 Tests",Determine,100,1500,120000,80,0.8,ABBVIE GmbH & Co.KG Wiesbaden,512,3906.29,192
4021,Vietnam,PMO - US,Direct Drop,FCA,Air,10-Sep-07,10-Sep-07,ARV,Adult,ABBVIE LOGISTICS (FORMERLY ABBOTT LOGISTICS BV),SKU0008,"Lopinavir/Ritonavir 200/50mg [Aluvia], tablets, 120 Tabs",Aluvia,120,1000,82190,82.19,0.68,ABBVIE Ludwigshafen Germany,226,2923.46,131.5
4023,Guyana,PMO - US,Direct Drop,EXW,Air,9-Aug-07,9-Aug-07,HRDT,HIV test - Ancillary,"Orgenics, Ltd",SKU0022,"HIV, Lancet, Safety, for HIV Test kits, 100 Pcs",Generic,100,300,3,0.01,0,Inverness Japan,Weight Captured Separately,Invoiced Separately,0
4025,Côte d'Ivoire,PMO - US,Direct Drop,CIP,Air,27-Aug-07,27-Aug-07,ARV,Adult,BRISTOL-MYERS SQUIBB,SKU0030,"Stavudine 20mg [Zerit], capsules, 60 Caps",Zerit,60,1161,6548.04,5.64,0.09,"BMS Meymac, France",Weight Captured Separately,Freight Included in Commodity Cost,10.48
4044,Tanzania,PMO - US,Direct Drop,EXW,Air,16-Oct-07,16-Oct-07,HRDT,HIV test,"Standard Diagnostics, Inc.",SKU0019,"HIV 1/2, Bioline 3.0 Kit, Lancets, Capillary pipets, Alcohol swabs included, 25 Tests",Bioline,25,10000,200000,20,0.8,"Standard Diagnostics, Korea",3338,28466.06,320
4045,Tanzania,PMO - US,Direct Drop,EXW,Air,19-Nov-08,19-Nov-08,HRDT,HIV test,"Standard Diagnostics, Inc.",SKU0019,"HIV 1/2, Bioline 3.0 Kit, Lancets, Capillary pipets, Alcohol swabs included, 25 Tests",Bioline,25,10000,200000,20,0.8,"Standard Diagnostics, Korea",3112,22856.02,392
4085,Guyana,PMO - US,Direct Drop,EXW,Air,21-Sep-07,21-Sep-07,HRDT,HIV test - Ancillary,"Orgenics, Ltd",SKU0022,"HIV, Lancet, Safety, for HIV Test kits, 100 Pcs",Generic,100,442,4.42,0.01,0,Inverness Japan,Weight Captured Separately,Invoiced Separately,0.01
4100,Côte d'Ivoire,PMO - US,Direct Drop,EXW,Air,25-Oct-07,25-Oct-07,HRDT,HIV test,"CHEMBIO DIAGNOSTIC SYSTEMS, INC.",SKU0016,"HIV 1/2, Stat-Pak HIV, Kit, 20 Tests",Stat-Pak,20,250,6750,27,1.35,Chembio Diagnostics Sys. Inc.,68,1711.86,10.8
4189,South Africa,PMO - US,Direct Drop,DDP,,29-Jan-08,29-Jan-08,ARV,Adult,"JSI R&T INSTITUTE, INC.",SKU0051,"Zidovudine 300mg [Retrovir], tablets, 60 Tabs",Retrovir,60,800,15408,19.26,0.32,GSK Aranda,Weight Captured Separately,Freight Included in Commodity Cost,24.65
4190,South Africa,PMO - US,Direct Drop,DDP,,29-Jan-08,24-Jan-07,ARV,Adult,"JSI R&T INSTITUTE, INC.",SKU0074,"Stavudine 30mg [Zerit], capsules, 60 Caps",Zerit,60,800,4792,5.99,0.1,"BMS Meymac, France",Weight Captured Separately,Freight Included in Commodity Cost,7.67
4192,Rwanda,PMO - US,Direct Drop,EXW,Air,10-Jan-08,10-Jan-08,HRDT,HIV test,"Trinity Biotech, Plc",SKU0009,"HIV 1/2, Uni-Gold HIV Kit, 20 Tests",Uni-Gold,20,2450,78400,32,1.6,"Trinity Biotech, Plc",See ASN-1028 (ID#:2927),See ASN-1028 (ID#:2927),125.44
4193,Rwanda,PMO - US,Direct Drop,CIP,Air,28-Apr-08,22-Apr-08,ARV,Adult,CIPLA LIMITED,SKU0044,"Lamivudine/Nevirapine/Stavudine 150/200/30mg, tablets, 60 Tabs",Generic,60,38784,271488,7,0.12,"Cipla, Goa, India",4124,10500,434.38
4198,Vietnam,PMO - US,Direct Drop,FCA,Air,22-Jan-08,7-Mar-08,ARV,Adult,ABBVIE LOGISTICS (FORMERLY ABBOTT LOGISTICS BV),SKU0008,"Lopinavir/Ritonavir 200/50mg [Aluvia], tablets, 120 Tabs",Aluvia,120,2000,164400,82.2,0.68,ABBVIE Ludwigshafen Germany,513,5866.31,263.04
4215,Vietnam,PMO - US,Direct Drop,EXW,Air,22-Jan-08,22-Jan-08,ARV,Adult,Aurobindo Pharma Limited,SKU0059,"Stavudine 20mg, capsules, 60 Caps",Generic,60,800,1400,1.75,0.03,"Aurobindo Unit III, India",See ASN-1231 (ID#:2947),See ASN-1231 (ID#:2947),2.24
4257,South Africa,PMO - US,Direct Drop,DDP,,21-Jan-08,4-Jan-08,ARV,Adult,"JSI R&T INSTITUTE, INC.",SKU0067,"Nevirapine 200mg [Viramune], tablets, 60 Tabs",Viramune,60,100,2318,23.18,0.39,"BI, Ingelheim, Germany",Weight Captured Separately,Freight Included in Commodity Cost,3.71
4258,South Africa,PMO - US,Direct Drop,DDP,,21-Jan-08,4-Jan-08,ARV,Adult,"JSI R&T INSTITUTE, INC.",SKU0051,"Zidovudine 300mg [Retrovir], tablets, 60 Tabs",Retrovir,60,800,13960,17.45,0.29,GSK Aranda,Weight Captured Separately,Freight Included in Commodity Cost,22.34
4259,South Africa,PMO - US,Direct Drop,DDP,,21-Jan-08,4-Jan-08,ARV,Pediatric,"JSI R&T INSTITUTE, INC.",SKU0047,"Lamivudine 10mg/ml [Epivir], oral solution, Bottle, 240 ml",Epivir,240,300,2049,6.83,0.03,GSK Mississauga (Canada),Weight Captured Separately,Freight Included in Commodity Cost,3.28
4283,Haiti,PMO - US,Direct Drop,FCA,Air,11-Apr-08,11-Apr-08,ARV,Pediatric,ABBVIE LOGISTICS (FORMERLY ABBOTT LOGISTICS BV),SKU0045,"Lopinavir/Ritonavir 100/25mg [Aluvia], tablets, 60 Tabs",Generic,60,180,1850.4,10.28,0.17,ABBVIE Ludwigshafen Germany,31,910.86,2.96
4290,South Africa,PMO - US,Direct Drop,DDP,Truck,5-Feb-08,4-Feb-08,ARV,Adult,"JSI R&T INSTITUTE, INC.",SKU0032,"Didanosine EC 400mg [Videx EC], delayed-release capsules, Blister 3 x 10 Caps",Videx EC,30,800,21720,27.15,0.9,"BMS Meymac, France",Weight Captured Separately,Freight Included in Commodity Cost,34.75
4301,Zambia,PMO - US,Direct Drop,EXW,Air,6-Jun-08,6-Jun-08,HRDT,HIV test,"Orgenics, Ltd",SKU0017,"HIV 1/2, Determine HIV Kit, without Lancets, 100 Tests",Determine,100,4300,309557,71.99,0.72,Inverness Japan,979,8690.26,495.29
4302,Côte d'Ivoire,PMO - US,Direct Drop,EXW,Air,14-Apr-08,17-Apr-08,HRDT,HIV test,BIO-RAD LABORATORIES (FRANCE),SKU0025,"#108853** HIV, Genie II HIV-1/HIV-2 Kit, 40 Tests",Genie,40,476,36176,76,1.9,Bio-Rad Laboratories,522,6924.83,57.88
4303,Rwanda,PMO - US,Direct Drop,EXW,Air,11-Jul-08,11-Jul-08,HRDT,HIV test,"Trinity Biotech, Plc",SKU0009,"HIV 1/2, Uni-Gold HIV Kit, 20 Tests",Uni-Gold,20,3150,100800,32,1.6,"Trinity Biotech, Plc",1080,15987.05,161.28
4311,Côte d'Ivoire,PMO - US,Direct Drop,EXW,Air,26-Sep-08,26-Sep-08,HRDT,HIV test,"Orgenics, Ltd",SKU0017,"HIV 1/2, Determine HIV Kit, without Lancets, 100 Tests",Determine,100,1116,78120,70,0.7,Inverness Japan,256,4014.57,124.99
4312,Guyana,PMO - US,Direct Drop,EXW,Air,21-Jul-08,21-Jul-08,HRDT,HIV test,"Trinity Biotech, Plc",SKU0009,"HIV 1/2, Uni-Gold HIV Kit, 20 Tests",Uni-Gold,20,1062,33984,32,1.6,"Trinity Biotech, Plc",362,4717.51,54.37
4321,Botswana,PMO - US,Direct Drop,EXW,Air,23-Jun-08,23-Jun-08,HRDT,HIV test - Ancillary,"Orgenics, Ltd",SKU0022,"HIV, Lancet, Safety, for HIV Test kits, 100 Pcs",Generic,100,200,2,0.01,0,Inverness Japan,Weight Captured Separately,Invoiced Separately,0
4331,Kyrgyzstan,PMO - US,Direct Drop,DDP,Air,14-Jun-08,14-Jun-08,HRDT,HIV test,"Orgenics, Ltd",SKU0081,"HIV 1/2, DoubleCheck II Kit, 40 Tests",DoubleCheck,40,500,39500,79,1.98,Not Applicable,Weight Captured Separately,Freight Included in Commodity Cost,63.2
4333,Namibia,PMO - US,Direct Drop,EXW,Air,4-Jun-08,4-Jun-08,HRDT,HIV test - Ancillary,"Orgenics, Ltd",SKU0022,"HIV, Lancet, Safety, for HIV Test kits, 100 Pcs",Generic,100,142,1.42,0.01,0,Inverness Japan,Weight Captured Separately,Invoiced Separately,0
4347,South Africa,PMO - US,Direct Drop,DDP,Truck,24-Apr-08,24-Apr-08,ARV,Pediatric,S. BUYS WHOLESALER,SKU0047,"Lamivudine 10mg/ml [Epivir], oral solution, Bottle, 240 ml",Epivir,240,1000,6410,6.41,0.03,GSK Mississauga (Canada),Weight Captured Separately,Freight Included in Commodity Cost,10.26
4367,Vietnam,PMO - US,Direct Drop,EXW,Air,7-Jul-08,7-Jul-08,ARV,Pediatric,Aurobindo Pharma Limited,SKU0082,"Didanosine 100mg, chewable/dispersible tablets, 60 Tabs",Generic,60,408,3162,7.75,0.13,"Aurobindo Unit III, India",See ASN-2023 (ID#:3094),See ASN-2023 (ID#:3094),5.06
4368,Vietnam,PMO - US,Direct Drop,EXW,Air,12-Aug-08,12-Aug-08,ARV,Adult,CIPLA LIMITED,SKU0044,"Lamivudine/Nevirapine/Stavudine 150/200/30mg, tablets, 60 Tabs",Generic,60,10420,77108,7.4,0.12,"Cipla, Goa, India",1000,7526.06,123.37
4369,Vietnam,PMO - US,Direct Drop,EXW,Air,19-Sep-08,19-Sep-08,ARV,Adult,CIPLA LIMITED,SKU0044,"Lamivudine/Nevirapine/Stavudine 150/200/30mg, tablets, 60 Tabs",Generic,60,9600,71040,7.4,0.12,"Cipla, Goa, India",920,7265.05,113.66
4372,Vietnam,PMO - US,Direct Drop,FCA,Air,16-Jul-08,16-Jul-08,ARV,Adult,ABBVIE LOGISTICS (FORMERLY ABBOTT LOGISTICS BV),SKU0008,"Lopinavir/Ritonavir 200/50mg [Aluvia], tablets, 120 Tabs",Aluvia,120,1520,124944,82.2,0.68,ABBVIE Ludwigshafen Germany,385,4393.32,199.91
4373,Vietnam,PMO - US,Direct Drop,FCA,Air,14-Jul-08,14-Jul-08,ARV,Adult,ABBVIE LOGISTICS (FORMERLY ABBOTT LOGISTICS BV),SKU0008,"Lopinavir/Ritonavir 200/50mg [Aluvia], tablets, 120 Tabs",Aluvia,120,800,65760,82.2,0.68,ABBVIE Ludwigshafen Germany,208,3449.4,105.22
4432,Haiti,PMO - US,Direct Drop,DDP,Air,18-Apr-08,3-Jan-08,HRDT,HIV test,REINBOLD EXPORT IMPORT,SKU0002,"HIV 1/2, Determine Complete HIV Kit, 100 Tests",Determine,100,30,2550,85,0.85,Inverness Japan,Weight Captured Separately,Freight Included in Commodity Cost,4.08
4456,Vietnam,PMO - US,Direct Drop,EXW,Air,11-Oct-08,11-Oct-08,ARV,Adult,CIPLA LIMITED,SKU0044,"Lamivudine/Nevirapine/Stavudine 150/200/30mg, tablets, 60 Tabs",Generic,60,15360,113664,7.4,0.12,"Cipla, Goa, India",1360,5412.14,181.86
4457,Vietnam,PMO - US,Direct Drop,EXW,Air,19-Sep-08,19-Sep-08,ARV,Adult,Aurobindo Pharma Limited,SKU0007,"Nevirapine 200mg, tablets, 60 Tabs",Generic,60,2180,6997.8,3.21,0.05,"Aurobindo Unit III, India",242,5881.57,11.2
4458,Vietnam,PMO - US,Direct Drop,EXW,Air,19-Sep-08,19-Sep-08,ARV,Adult,Aurobindo Pharma Limited,SKU0011,"Lamivudine/Zidovudine 150/300mg, tablets, 60 Tabs",Generic,60,2016,18648,9.25,0.15,"Aurobindo Unit III, India",185,5551.97,29.84
4459,Vietnam,PMO - US,Direct Drop,CIP,Air,30-Sep-08,30-Sep-08,ARV,Pediatric,BRISTOL-MYERS SQUIBB,SKU0028,"Didanosine 25mg [Videx], chewable tablets, 60 Tabs",Videx,60,400,2800,7,0.12,"BMS Meymac, France",81,2035.66,4.48
4460,Vietnam,PMO - US,Direct Drop,EXW,Air,19-Sep-08,19-Sep-08,ARV,Adult,MYLAN LABORATORIES LTD (FORMERLY MATRIX LABORATORIES),SKU0026,"Efavirenz 600mg, tablets, 30 Tabs",Generic,30,10080,103219.2,10.24,0.34,Mylan (formerly Matrix) Nashik,See ASN-2336 (ID#:530),See ASN-2336 (ID#:530),165.15
4461,South Africa,PMO - US,Direct Drop,DDP,Truck,20-Aug-08,8-May-08,ARV,Pediatric,S. BUYS WHOLESALER,SKU0028,"Didanosine 25mg [Videx], chewable tablets, 60 Tabs",Videx,60,4,52.96,13.24,0.22,"BMS Meymac, France",Weight Captured Separately,Freight Included in Commodity Cost,0.08
4470,Haiti,PMO - US,Direct Drop,EXW,Air,6-Aug-08,6-Aug-08,HRDT,HIV test,"Orgenics, Ltd",SKU0017,"HIV 1/2, Determine HIV Kit, without Lancets, 100 Tests",Determine,100,2059,144130,70,0.7,Inverness Japan,470,3684.28,230.61
4531,South Africa,PMO - US,Direct Drop,DDP,Truck,12-Jun-08,9-Jun-08,ARV,Adult,S. BUYS WHOLESALER,SKU0021,"Tenofovir Disoproxil Fumarate 300mg [Viread], tablets, 30 Tabs",Viread,30,400,9536,23.84,0.79,"Aspen-OSD, Port Elizabeth, SA",Weight Captured Separately,Freight Included in Commodity Cost,15.26
4534,Zambia,PMO - US,Direct Drop,EXW,Air,18-Nov-08,18-Nov-08,HRDT,HIV test,"Trinity Biotech, Plc",SKU0009,"HIV 1/2, Uni-Gold HIV Kit, 20 Tests",Uni-Gold,20,5900,188800,32,1.6,"Trinity Biotech, Plc",1989,19569.48,370.05
4567,Tanzania,PMO - US,Direct Drop,CIP,Air,3-Nov-08,3-Nov-08,ARV,Adult,BRISTOL-MYERS SQUIBB,SKU0032,"Didanosine EC 400mg [Videx EC], delayed-release capsules, Blister 3 x 10 Caps",Videx EC,30,2597,61470.99,23.67,0.79,"BMS Meymac, France",Weight Captured Separately,Freight Included in Commodity Cost,120.48
4593,Zambia,PMO - US,Direct Drop,EXW,Air,22-Sep-08,22-Sep-08,HRDT,HIV test,"Orgenics, Ltd",SKU0017,"HIV 1/2, Determine HIV Kit, without Lancets, 100 Tests",Determine,100,3000,215970,71.99,0.72,Inverness Japan,See ASN-2448 (ID#:1939),See ASN-2448 (ID#:1939),345.55
4594,Guyana,PMO - US,Direct Drop,EXW,Air,1-Oct-08,1-Oct-08,HRDT,HIV test,"Trinity Biotech, Plc",SKU0009,"HIV 1/2, Uni-Gold HIV Kit, 20 Tests",Uni-Gold,20,1062,33984,32,1.6,"Trinity Biotech, Plc",1062,3976.33,54.37
4611,Botswana,PMO - US,Direct Drop,EXW,Air,18-Nov-08,18-Nov-08,HRDT,HIV test,"Trinity Biotech, Plc",SKU0009,"HIV 1/2, Uni-Gold HIV Kit, 20 Tests",Uni-Gold,20,5,160,32,1.6,"Trinity Biotech, Plc",3,1225.17,0.26
4615,Botswana,PMO - US,Direct Drop,EXW,Air,9-Oct-08,2-Oct-08,HRDT,HIV test,"Orgenics, Ltd",SKU0017,"HIV 1/2, Determine HIV Kit, without Lancets, 100 Tests",Determine,100,8,560,70,0.7,Inverness Japan,5406,559.95,0.9
4635,Vietnam,PMO - US,Direct Drop,EXW,Air,25-Sep-08,25-Sep-08,ARV,Adult,Aurobindo Pharma Limited,SKU0007,"Nevirapine 200mg, tablets, 60 Tabs",Generic,60,1848,5359.2,2.9,0.05,"Aurobindo Unit III, India",327,3171.36,8.57
4646,Nigeria,PMO - US,Direct Drop,DDP,Air,27-Aug-08,27-Aug-08,HRDT,HIV test,BUNDI INTERNATIONAL DIAGNOSTICS LTD,SKU0083,"HIV 1/2, Bundi Rapid HIV Kit, 25 Tests",Bundi,1,1369,51337.5,37.5,37.5,BUNDI INTERNATIONAL DIAGNOSTICS LTD,Weight Captured Separately,Freight Included in Commodity Cost,100.62
4647,Ethiopia,PMO - US,Direct Drop,EXW,Air,17-Nov-08,17-Nov-08,HRDT,HIV test,"SHANGHAI KEHUA BIOENGINEERING CO.,LTD.  (KHB)",SKU0063,"HIV 1/2, SKB Colloidal Gold, Diagnostic Kit, Antibody, 50 Tests",Colloidal Gold,1,7002,161046,23,23,"KHB Test Kit Facility, Shanghai China",4922,46117.09,315.65
4648,Ethiopia,PMO - US,Direct Drop,EXW,Air,30-Oct-08,28-Oct-08,HRDT,HIV test,"SHANGHAI KEHUA BIOENGINEERING CO.,LTD.  (KHB)",SKU0063,"HIV 1/2, SKB Colloidal Gold, Diagnostic Kit, Antibody, 50 Tests",Colloidal Gold,1,7002,161046,23,23,"KHB Test Kit Facility, Shanghai China",5057,44360.44,315.65
4649,Ethiopia,PMO - US,Direct Drop,EXW,Air,6-Oct-08,6-Oct-08,HRDT,HIV test,"SHANGHAI KEHUA BIOENGINEERING CO.,LTD.  (KHB)",SKU0063,"HIV 1/2, SKB Colloidal Gold, Diagnostic Kit, Antibody, 50 Tests",Colloidal Gold,1,7002,161046,23,23,"KHB Test Kit Facility, Shanghai China",5057,44347.71,257.67
4650,Mozambique,PMO - US,Direct Drop,EXW,Air,1-Nov-08,1-Nov-08,HRDT,HIV test - Ancillary,"Orgenics, Ltd",SKU0022,"HIV, Lancet, Safety, for HIV Test kits, 100 Pcs",Generic,100,7690,76.9,0.01,0,Inverness Japan,2278,23743.01,0.15
4709,Rwanda,PMO - US,Direct Drop,CIP,Air,10-Mar-09,10-Mar-09,ARV,Adult,CIPLA LIMITED,SKU0011,"Lamivudine/Zidovudine 150/300mg, tablets, 60 Tabs",Generic,60,18560,168896,9.1,0.15,"Cipla, Goa, India",1698,16414.22,331.04
4722,Namibia,PMO - US,Direct Drop,EXW,Air,8-Oct-08,8-Oct-08,HRDT,HIV test,"Trinity Biotech, Plc",SKU0009,"HIV 1/2, Uni-Gold HIV Kit, 20 Tests",Uni-Gold,20,650,20800,32,1.6,"Trinity Biotech, Plc",220,7078.9,33.28
4794,Zambia,PMO - US,Direct Drop,CIP,Air,20-Feb-09,20-Feb-09,ARV,Pediatric,BRISTOL-MYERS SQUIBB,SKU0028,"Didanosine 25mg [Videx], chewable tablets, 60 Tabs",Videx,60,545,3815,7,0.12,"BMS Meymac, France",Weight Captured Separately,Freight Included in Commodity Cost,7.48
4798,South Africa,PMO - US,Direct Drop,DDP,Truck,17-May-09,9-Oct-08,ARV,Pediatric,S. BUYS WHOLESALER,SKU0062,"Efavirenz 50mg [Stocrin/Sustiva], capsule, 30 Caps",Stocrin/Sustiva,30,200,592,2.96,0.1,"MSD Midrand, J'burg, SA",Weight Captured Separately,Freight Included in Commodity Cost,1.16
4804,Tanzania,PMO - US,Direct Drop,EXW,Air,2-Mar-09,2-Mar-09,HRDT,HIV test,"Trinity Biotech, Plc",SKU0009,"HIV 1/2, Uni-Gold HIV Kit, 20 Tests",Uni-Gold,20,1678,53696,32,1.6,"Trinity Biotech, Plc",554,4810.99,105.24
4818,Ethiopia,PMO - US,Direct Drop,EXW,Air,27-Jan-09,27-Jan-09,HRDT,HIV test - Ancillary,"Orgenics, Ltd",SKU0084,"Capillary Tubes, for Determine, EDTA, 50uL,100 Pcs",Determine,100,10000,80000,8,0.08,Inverness Japan,400,4856.14,156.8
4824,Tanzania,PMO - US,Direct Drop,CIP,Air,15-Jun-09,15-Jun-09,ARV,Adult,MERCK SHARP & DOHME IDEA GMBH (FORMALLY MERCK SHARP & DOHME B.V.),SKU0038,"Efavirenz/Emtricitabine/Tenofovir Disoproxil Fumarate 600/200/300mg [Atripla], tablets, 30 Tabs",Atripla,30,24963,1258135.2,50.4,1.68,"MSD, Haarlem, NL",2462,3451.41,2465.94
4854,Guyana,PMO - US,Direct Drop,EXW,Air,30-Jan-09,23-Jan-09,HRDT,HIV test,"Orgenics, Ltd",SKU0002,"HIV 1/2, Determine Complete HIV Kit, 100 Tests",Determine,100,351,25272,72,0.72,Inverness Japan,60,1097.78,49.53
4921,Vietnam,PMO - US,Direct Drop,EXW,Air,10-Apr-09,10-Apr-09,ARV,Adult,Aurobindo Pharma Limited,SKU0007,"Nevirapine 200mg, tablets, 60 Tabs",Generic,60,5200,15080,2.9,0.05,"Aurobindo Unit III, India",See ASN-3562 (ID#:960),See ASN-3562 (ID#:960),29.56
4929,Zambia,PMO - US,Direct Drop,EXW,Air,26-Mar-09,26-Mar-09,HRDT,HIV test,"Standard Diagnostics, Inc.",SKU0019,"HIV 1/2, Bioline 3.0 Kit, Lancets, Capillary pipets, Alcohol swabs included, 25 Tests",Bioline,25,300,6000,20,0.8,"Standard Diagnostics, Korea",94,1205.43,11.76
4947,Senegal,PMO - US,Direct Drop,EXW,Air,25-Mar-09,25-Mar-09,HRDT,HIV test,"Orgenics, Ltd",SKU0085,"HIV 1/2, ImmunoComb TriSpot Ag - Ab Kit, 36 Tests",ImmunoComb,36,80,6800,85,2.36,INVERNESS ORGENICS LINE,33,812,13.33
4949,Tanzania,PMO - US,Direct Drop,FCA,Air,11-Aug-09,11-Aug-09,ARV,Adult,ABBVIE LOGISTICS (FORMERLY ABBOTT LOGISTICS BV),SKU0008,"Lopinavir/Ritonavir 200/50mg [Aluvia], tablets, 120 Tabs",Aluvia,120,10680,438948,41.1,0.34,ABBVIE Ludwigshafen Germany,2724,12620.12,860.34
5032,South Africa,PMO - US,Direct Drop,DDP,Air,17-Mar-09,28-Nov-08,ARV,Adult,S. BUYS WHOLESALER,SKU0026,"Efavirenz 600mg, tablets, 30 Tabs",Generic,30,7000,113050,16.15,0.54,"Aurobindo Unit III, India",Weight Captured Separately,Freight Included in Commodity Cost,221.58
5033,South Africa,PMO - US,Direct Drop,DDP,Air,17-Mar-09,28-Nov-08,ARV,Adult,S. BUYS WHOLESALER,SKU0007,"Nevirapine 200mg, tablets, 60 Tabs",Generic,60,983,4875.68,4.96,0.08,"Aurobindo Unit III, India",Weight Captured Separately,Freight Included in Commodity Cost,9.56
5034,South Africa,PMO - US,Direct Drop,DDP,Air,24-Mar-09,1-Dec-08,ARV,Adult,S. BUYS WHOLESALER,SKU0004,"Stavudine 30mg, capsules, 60 Caps",Generic,60,1325,3339,2.52,0.04,"Aurobindo Unit III, India",Weight Captured Separately,Freight Included in Commodity Cost,6.54
5035,South Africa,PMO - US,Direct Drop,DDP,Air,31-Mar-09,2-Dec-08,ARV,Adult,S. BUYS WHOLESALER,SKU0067,"Nevirapine 200mg [Viramune], tablets, 60 Tabs",Viramune,60,2880,44812.8,15.56,0.26,"Boehringer Ing., Koropi, GR",Weight Captured Separately,Freight Included in Commodity Cost,87.83
5036,South Africa,PMO - US,Direct Drop,DDP,Air,16-Jun-09,28-Jan-09,ARV,Adult,S. BUYS WHOLESALER,SKU0014,"Zidovudine 300mg, tablets, 60 Tabs",Generic,60,6800,82620,12.15,0.2,"Aurobindo Unit III, India",Weight Captured Separately,Freight Included in Commodity Cost,161.94
5037,South Africa,PMO - US,Direct Drop,DDP,Air,7-Jul-09,2-Feb-09,ARV,Adult,S. BUYS WHOLESALER,SKU0026,"Efavirenz 600mg, tablets, 30 Tabs",Generic,30,3414,49810.26,14.59,0.49,"Cipla, Goa, India",Weight Captured Separately,Freight Included in Commodity Cost,97.63
5041,South Africa,PMO - US,Direct Drop,DDP,Air,7-Apr-09,3-Dec-08,ARV,Adult,S. BUYS WHOLESALER,SKU0051,"Zidovudine 300mg [Retrovir], tablets, 60 Tabs",Retrovir,60,5000,62750,12.55,0.21,GSK Aranda,Weight Captured Separately,Freight Included in Commodity Cost,122.99
5042,South Africa,PMO - US,Direct Drop,DDP,Air,5-May-09,23-Dec-08,ARV,Adult,S. BUYS WHOLESALER,SKU0026,"Efavirenz 600mg, tablets, 30 Tabs",Generic,30,6215,102609.65,16.51,0.55,"Aurobindo Unit III, India",Weight Captured Separately,Freight Included in Commodity Cost,201.11
5043,South Africa,PMO - US,Direct Drop,DDP,Air,5-May-09,23-Dec-08,ARV,Pediatric,S. BUYS WHOLESALER,SKU0062,"Efavirenz 50mg [Stocrin/Sustiva], capsule, 30 Caps",Stocrin/Sustiva,30,3000,7470,2.49,0.08,"MSD Midrand, J'burg, SA",Weight Captured Separately,Freight Included in Commodity Cost,14.64
5044,South Africa,PMO - US,Direct Drop,DDP,Air,26-May-09,22-Jan-09,ARV,Pediatric,S. BUYS WHOLESALER,SKU0049,"Efavirenz 50mg, capsule, 30 Caps",Generic,30,500,1530,3.06,0.1,"Aurobindo Unit III, India",Weight Captured Separately,Freight Included in Commodity Cost,3
5045,South Africa,PMO - US,Direct Drop,DDP,Air,31-Mar-09,21-Nov-08,ARV,Adult,S. BUYS WHOLESALER,SKU0026,"Efavirenz 600mg, tablets, 30 Tabs",Generic,30,1200,14532,12.11,0.4,"Cipla, Goa, India",Weight Captured Separately,Freight Included in Commodity Cost,28.48
5046,South Africa,PMO - US,Direct Drop,DDP,Air,31-Mar-09,21-Nov-08,ARV,Adult,S. BUYS WHOLESALER,SKU0021,"Tenofovir Disoproxil Fumarate 300mg [Viread], tablets, 30 Tabs",Viread,30,500,8820,17.64,0.59,"Aspen-OSD, Port Elizabeth, SA",Weight Captured Separately,Freight Included in Commodity Cost,17.29
5047,South Africa,PMO - US,Direct Drop,DDP,Air,31-Mar-09,21-Nov-08,ARV,Adult,S. BUYS WHOLESALER,SKU0053,"Emtricitabine/Tenofovir Disoproxil Fumarate 200/300mg [Truvada], tablets, 30 Tabs",Truvada,30,80,2336,29.2,0.97,"Aspen-OSD, Port Elizabeth, SA",Weight Captured Separately,Freight Included in Commodity Cost,4.58
5048,South Africa,PMO - US,Direct Drop,DDP,Air,1-Apr-09,21-Nov-08,ARV,Pediatric,S. BUYS WHOLESALER,SKU0060,"Ritonavir 80mg/ml [Norvir], oral solution, cool, Bottle, 90 ml",Norvir,90,1,5.97,5.97,0.07,ABBVIE (Abbott) France,Weight Captured Separately,Freight Included in Commodity Cost,0.01
5049,South Africa,PMO - US,Direct Drop,DDP,Air,1-Apr-09,26-Nov-08,ARV,Adult,S. BUYS WHOLESALER,SKU0051,"Zidovudine 300mg [Retrovir], tablets, 60 Tabs",Retrovir,60,500,6555,13.11,0.22,GSK Aranda,Weight Captured Separately,1521.4,12.85
5050,South Africa,PMO - US,Direct Drop,DDP,Air,3-Apr-09,11-Feb-09,ARV,Adult,S. BUYS WHOLESALER,SKU0030,"Stavudine 20mg [Zerit], capsules, 60 Caps",Zerit,60,300,1179,3.93,0.07,"BMS Meymac, France",Weight Captured Separately,Freight Included in Commodity Cost,2.31
5051,South Africa,PMO - US,Direct Drop,DDP,Air,30-Mar-09,21-Jan-09,ARV,Pediatric,S. BUYS WHOLESALER,SKU0062,"Efavirenz 50mg [Stocrin/Sustiva], capsule, 30 Caps",Stocrin/Sustiva,30,80,188.8,2.36,0.08,"MSD Midrand, J'burg, SA",Weight Captured Separately,Freight Included in Commodity Cost,0.37
5052,South Africa,PMO - US,Direct Drop,DDP,Air,30-Mar-09,21-Jan-09,ARV,Adult,S. BUYS WHOLESALER,SKU0027,"Saquinavir 200mg [Invirase], capsules, 270 Caps",Invirase,270,28,1578.92,56.39,0.21,Roche Basel,Weight Captured Separately,Freight Included in Commodity Cost,3.09
5053,South Africa,PMO - US,Direct Drop,DDP,Air,30-Mar-09,21-Jan-09,ARV,Pediatric,S. BUYS WHOLESALER,SKU0006,"Efavirenz 200mg [Stocrin/Sustiva], capsule, 90 Caps",Stocrin/Sustiva,90,30,829.5,27.65,0.31,"MSD Midrand, J'burg, SA",Weight Captured Separately,Freight Included in Commodity Cost,1.63
5058,South Africa,PMO - US,Direct Drop,DDP,Air,25-Jun-09,25-Jun-09,ARV,Pediatric,S. BUYS WHOLESALER,SKU0048,"Lamivudine 10mg/ml, oral solution, Bottle, 240 ml",Generic,240,108,610.2,5.65,0.02,"Aurobindo Unit III, India",Weight Captured Separately,Freight Included in Commodity Cost,1.2
5059,South Africa,PMO - US,Direct Drop,DDP,Air,25-Jun-09,15-Apr-09,ARV,Adult,S. BUYS WHOLESALER,SKU0003,"Lamivudine 150mg, tablets, 60 Tabs",Generic,60,9620,68109.6,7.08,0.12,"Aurobindo Unit III, India",Weight Captured Separately,Freight Included in Commodity Cost,133.49
5066,Botswana,PMO - US,Direct Drop,EXW,Air,17-Apr-09,17-Apr-09,HRDT,HIV test,Orasure Technologies Inc.,SKU0018,"HIV 1/2, OraQuick Advance HIV Rapid Antibody Kit, 100 Tests",OraQuick,100,20,7000,350,3.5,"Pacific Biotech, Thailand",48,1119.99,13.72
5076,South Africa,PMO - US,Direct Drop,DDP,Truck,21-Apr-09,17-Apr-09,ARV,Adult,S. BUYS WHOLESALER,SKU0021,"Tenofovir Disoproxil Fumarate 300mg [Viread], tablets, 30 Tabs",Viread,30,250,5315,21.26,0.71,"Aspen-OSD, Port Elizabeth, SA",Weight Captured Separately,Freight Included in Commodity Cost,10.42
5081,South Africa,PMO - US,Direct Drop,DDP,Truck,15-May-09,15-May-09,ARV,Pediatric,S. BUYS WHOLESALER,SKU0006,"Efavirenz 200mg [Stocrin/Sustiva], capsule, 90 Caps",Stocrin/Sustiva,90,100,3220,32.2,0.36,"MSD Midrand, J'burg, SA",Weight Captured Separately,Freight Included in Commodity Cost,6.31
5083,South Africa,PMO - US,Direct Drop,DDP,Truck,15-May-09,21-Apr-09,ARV,Adult,S. BUYS WHOLESALER,SKU0008,"Lopinavir/Ritonavir 200/50mg [Aluvia], tablets, 120 Tabs",Aluvia,120,400,14400,36,0.3,ABBVIE Ludwigshafen Germany,Weight Captured Separately,Freight Included in Commodity Cost,28.22
5113,Rwanda,PMO - US,Direct Drop,CIP,Air,12-Aug-09,12-Aug-09,ARV,Adult,HETERO LABS LIMITED,SKU0026,"Efavirenz 600mg, tablets, 30 Tabs",Generic,30,28034,195677.32,6.98,0.23,Hetero Unit III Hyderabad IN,2268,19023.36,383.53
5114,Nigeria,PMO - US,Direct Drop,EXW,Air,3-Sep-09,3-Sep-09,ACT,ACT,MISSIONPHARMA A/S,SKU0034,"Artemether/Lumefantrine 20/120mg [Coartem], scored tablets, Blister 30 x 18 Tabs",Coartem,540,2000,70420,35.21,0.07,"Novartis Pharma Suffern, USA",1250,17170.07,138.02
5119,Côte d'Ivoire,PMO - US,Direct Drop,EXW,Air,10-Jun-09,9-Jun-09,HRDT,HIV test,BIO-RAD LABORATORIES (FRANCE),SKU0025,"#108853** HIV, Genie II HIV-1/HIV-2 Kit, 40 Tests",Genie,40,476,52360,110,2.75,Bio-Rad Laboratories,534,9471.52,102.63
5120,Côte d'Ivoire,PMO - US,Direct Drop,EXW,Air,10-Jun-09,17-Jun-09,HRDT,HIV test,BIO-RAD LABORATORIES (FRANCE),SKU0025,"#108853** HIV, Genie II HIV-1/HIV-2 Kit, 40 Tests",Genie,40,18,1980,110,2.75,Bio-Rad Laboratories,20,2199.43,3.88
5147,Namibia,PMO - US,Direct Drop,EXW,Air,27-May-09,27-May-09,HRDT,HIV test,"Trinity Biotech, Plc",SKU0009,"HIV 1/2, Uni-Gold HIV Kit, 20 Tests",Uni-Gold,20,6760,216320,32,1.6,"Trinity Biotech, Plc",2261,17643.81,423.99
5175,Tanzania,PMO - US,Direct Drop,FCA,Air,30-Jul-09,30-Jul-09,ARV,Adult,Hoffmann-La Roche ltd Basel,SKU0027,"Saquinavir 200mg [Invirase], capsules, 270 Caps",Invirase,270,820,73074.13,89.11,0.33,Roche Basel,424,3310.89,143.23
5194,South Africa,PMO - US,Direct Drop,DDP,Truck,12-Oct-09,21-Jul-09,ARV,Adult,S. BUYS WHOLESALER,SKU0033,"Abacavir 300mg [Ziagen], tablets, Blister 6 x 10 Tabs",Ziagen,60,30,1081.8,36.06,0.6,GSK Ware (UK),Weight Captured Separately,Freight Included in Commodity Cost,2.12
5195,South Africa,PMO - US,Direct Drop,DDP,Truck,12-Oct-09,28-Jul-09,ARV,Adult,S. BUYS WHOLESALER,SKU0008,"Lopinavir/Ritonavir 200/50mg [Aluvia], tablets, 120 Tabs",Aluvia,120,200,8396,41.98,0.35,ABBVIE Ludwigshafen Germany,Weight Captured Separately,Freight Included in Commodity Cost,16.46
5199,Namibia,PMO - US,Direct Drop,EXW,Air,1-Sep-09,1-Sep-09,HRDT,HIV test,"Orgenics, Ltd",SKU0055,"HIV 1/2, Clearview Complete Kit, 25 Tests",Clearview,25,4,300,75,3,Chembio Diagnostics Sys. Inc.,4,133.25,0.59
5201,Côte d'Ivoire,PMO - US,Direct Drop,CIP,Air,15-Sep-09,15-Sep-09,ARV,Pediatric,ABBVIE LOGISTICS (FORMERLY ABBOTT LOGISTICS BV),SKU0042,"Lopinavir/Ritonavir 80/20mg/ml [Kaletra], oral solution, cool, Bottle 5 x 60 ml",Kaletra,300,20,822,41.1,0.14,ABBVIE (Abbott) Logis. UK,Weight Captured Separately,Freight Included in Commodity Cost,1.61
5233,Côte d'Ivoire,PMO - US,Direct Drop,EXW,Air,2-May-06,2-May-06,HRDT,HIV test,"Standard Diagnostics, Inc.",SKU0086,"HIV 1/2, Bioline 3.0 Kit, (no accessories), 30 Tests",Bioline,30,31,734.7,23.7,0.79,"Standard Diagnostics, Korea",11,515.32,
5243,Côte d'Ivoire,PMO - US,Direct Drop,EXW,Air,8-Aug-06,8-Aug-06,HRDT,HIV test,RANBAXY Fine Chemicals LTD.,SKU0000,"HIV, Reveal G3 Rapid HIV-1 Antibody Test, 30 Tests",Reveal,30,19,551,29,0.97,Ranbaxy Fine Chemicals LTD,13,859.53,
5249,Vietnam,PMO - US,Direct Drop,CIP,Air,15-Sep-06,15-Sep-06,ARV,Adult,ABBVIE LOGISTICS (FORMERLY ABBOTT LOGISTICS BV),SKU0057,"Lopinavir/Ritonavir 133.3/33.3mg [Kaletra], capsules, cool, 2 x 90 Caps",Kaletra,180,198,35802.36,180.82,1,ABBVIE (Abbott) St. P'burg USA,389,7286.16,
5253,Nigeria,PMO - US,Direct Drop,EXW,Air,28-Sep-06,28-Sep-06,ARV,Pediatric,Aurobindo Pharma Limited,SKU0001,"Nevirapine 10mg/ml, oral suspension, Bottle, 240 ml",Generic,240,416,2579.2,6.2,0.03,"Aurobindo Unit III, India",See ASN-57 (ID#:23),See ASN-57 (ID#:23),
5260,Côte d'Ivoire,PMO - US,Direct Drop,EXW,Air,6-Sep-06,6-Sep-06,ARV,Adult,Aurobindo Pharma Limited,SKU0003,"Lamivudine 150mg, tablets, 60 Tabs",Generic,60,16683,65897.85,3.95,0.07,"Aurobindo Unit III, India",1498,20257.08,
5261,Côte d'Ivoire,PMO - US,Direct Drop,EXW,Air,6-Sep-06,6-Sep-06,ARV,Adult,Aurobindo Pharma Limited,SKU0004,"Stavudine 30mg, capsules, 60 Caps",Generic,60,9321,29361.15,3.15,0.05,"Aurobindo Unit III, India",See ASN-61 (ID#:5260),See ASN-61 (ID#:5260),
5268,Guyana,PMO - US,Direct Drop,EXW,Air,25-Dec-06,25-Dec-06,ARV,Adult,Aurobindo Pharma Limited,SKU0041,"Stavudine 15mg, capsules, 60 Caps",Generic,60,602,1414.7,2.35,0.04,"Aurobindo Unit III, India",37,569.52,
5277,Uganda,PMO - US,Direct Drop,EXW,Air,22-Dec-06,22-Dec-06,ARV,Adult,SUN PHARMACEUTICAL INDUSTRIES LTD (RANBAXY LABORATORIES LIMITED),SKU0003,"Lamivudine 150mg, tablets, 60 Tabs",Generic,60,6349,21269.15,3.35,0.06,"Ranbaxy, Paonta Shahib, India",369,2623.49,
5278,Zambia,PMO - US,Direct Drop,EXW,Air,20-Dec-06,20-Dec-06,ARV,Adult,Aurobindo Pharma Limited,SKU0007,"Nevirapine 200mg, tablets, 60 Tabs",Generic,60,33333,120332.13,3.61,0.06,"Aurobindo Unit III, India",See ASN-123 (ID#:2685),See ASN-123 (ID#:2685),
5279,Vietnam,PMO - US,Direct Drop,EXW,Air,14-Mar-07,14-Mar-07,ARV,Adult,SUN PHARMACEUTICAL INDUSTRIES LTD (RANBAXY LABORATORIES LIMITED),SKU0003,"Lamivudine 150mg, tablets, 60 Tabs",Generic,60,98400,329640,3.35,0.06,"Ranbaxy, Paonta Shahib, India",4300,27923.26,
5280,Vietnam,PMO - US,Direct Drop,EXW,Air,14-Mar-07,16-May-07,ARV,Pediatric,Aurobindo Pharma Limited,SKU0082,"Didanosine 100mg, chewable/dispersible tablets, 60 Tabs",Generic,60,1700,17850,10.5,0.18,"Aurobindo Unit III, India",356,14982.1,
5281,Vietnam,PMO - US,Direct Drop,EXW,Air,14-Mar-07,14-Mar-07,ARV,Adult,Aurobindo Pharma Limited,SKU0058,"Abacavir 300mg, tablets, 60 Tabs",Generic,60,700,30835,44.05,0.73,"Aurobindo Unit III, India",See ASN-276 (ID#:2686),See ASN-276 (ID#:2686),
5282,Vietnam,PMO - US,Direct Drop,EXW,Air,14-Mar-07,14-Mar-07,ARV,Adult,Aurobindo Pharma Limited,SKU0026,"Efavirenz 600mg, tablets, 30 Tabs",Generic,30,38300,641525,16.75,0.56,"Aurobindo Unit III, India",See ASN-276 (ID#:2686),See ASN-276 (ID#:2686),
5283,Vietnam,PMO - US,Direct Drop,CIP,Air,16-Apr-07,16-Apr-07,ARV,Adult,ABBVIE LOGISTICS (FORMERLY ABBOTT LOGISTICS BV),SKU0008,"Lopinavir/Ritonavir 200/50mg [Aluvia], tablets, 120 Tabs",Aluvia,120,1320,238682.4,180.82,1.51,ABBVIE (Abbott) Logis. UK,304,13453.12,
5293,Guyana,PMO - US,Direct Drop,EXW,Air,15-Nov-06,15-Nov-06,HRDT,HIV test,Abbott GmbH & Co. KG,SKU0002,"HIV 1/2, Determine Complete HIV Kit, 100 Tests",Determine,100,230,18400,80,0.8,ABBVIE GmbH & Co.KG Wiesbaden,38681,801.54,
5294,Nigeria,PMO - US,Direct Drop,EXW,Air,18-Jan-07,18-Jan-07,HRDT,HIV test,"Trinity Biotech, Plc",SKU0009,"HIV 1/2, Uni-Gold HIV Kit, 20 Tests",Uni-Gold,20,40,1600,40,2,"Trinity Biotech, Plc",14,713.58,
5295,Nigeria,PMO - US,Direct Drop,EXW,Air,17-Dec-06,17-Dec-06,HRDT,HIV test,Orasure Technologies Inc.,SKU0018,"HIV 1/2, OraQuick Advance HIV Rapid Antibody Kit, 100 Tests",OraQuick,100,8,3200,400,4,"Pacific Biotech, Thailand",Weight Captured Separately,Invoiced Separately,
5303,Zimbabwe,PMO - US,Direct Drop,CIP,Air,19-Mar-07,19-Mar-07,ARV,Pediatric,BRISTOL-MYERS SQUIBB,SKU0046,"Didanosine 50mg [Videx], chewable tablets, 60 Tabs",Videx,60,54,513,9.5,0.16,"BMS Meymac, France",Weight Captured Separately,Freight Included in Commodity Cost,
5304,Tanzania,PMO - US,Direct Drop,EXW,Air,23-Mar-07,23-Mar-07,HRDT,HIV test,"Trinity Biotech, Plc",SKU0024,"HIV 1/2, Capillus HIV Kit, 100 Tests",Capillus,100,700,97300,139,1.39,"Trinity Biotech, Plc",488,3114.08,
5324,Guyana,PMO - US,Direct Drop,EXW,Air,30-Apr-07,30-Apr-07,HRDT,HIV test,"Trinity Biotech, Plc",SKU0009,"HIV 1/2, Uni-Gold HIV Kit, 20 Tests",Uni-Gold,20,1000,32000,32,1.6,"Trinity Biotech, Plc",337,5240.47,
5352,Guyana,PMO - US,Direct Drop,EXW,Air,7-Aug-07,7-Aug-07,HRDT,HIV test,"Trinity Biotech, Plc",SKU0009,"HIV 1/2, Uni-Gold HIV Kit, 20 Tests",Uni-Gold,20,1500,48000,32,1.6,"Trinity Biotech, Plc",515,8576.8,76.8
5353,Guyana,PMO - US,Direct Drop,EXW,Air,9-Aug-07,21-Aug-07,HRDT,HIV test,"Orgenics, Ltd",SKU0017,"HIV 1/2, Determine HIV Kit, without Lancets, 100 Tests",Determine,100,300,21597,71.99,0.72,Inverness Japan,69,1398.6,34.56
5364,Côte d'Ivoire,PMO - US,Direct Drop,CIP,Air,24-Aug-07,24-Aug-07,ARV,Pediatric,BRISTOL-MYERS SQUIBB,SKU0046,"Didanosine 50mg [Videx], chewable tablets, 60 Tabs",Videx,60,1577,14981.5,9.5,0.16,"BMS Meymac, France",309,Freight Included in Commodity Cost,23.97
5365,Haiti,PMO - US,Direct Drop,EXW,Air,13-Aug-07,13-Aug-07,HRDT,HIV test - Ancillary,"Orgenics, Ltd",SKU0022,"HIV, Lancet, Safety, for HIV Test kits, 100 Pcs",Generic,100,450,4.5,0.01,0,Inverness Japan,Weight Captured Separately,Invoiced Separately,0.01
5366,Haiti,PMO - US,Direct Drop,EXW,Air,13-Aug-07,7-Aug-07,HRDT,HIV test - Ancillary,"Orgenics, Ltd",SKU0022,"HIV, Lancet, Safety, for HIV Test kits, 100 Pcs",Generic,100,300,3,0.01,0,Inverness Japan,24,240,0
5428,Côte d'Ivoire,PMO - US,Direct Drop,EXW,Air,23-Oct-07,23-Oct-07,HRDT,HIV test,"Standard Diagnostics, Inc.",SKU0086,"HIV 1/2, Bioline 3.0 Kit, (no accessories), 30 Tests",Bioline,30,2000,47000,23.5,0.78,"Standard Diagnostics, Korea",750,7961.7,75.2
5446,Rwanda,PMO - US,Direct Drop,EXW,Air,19-Nov-07,19-Nov-07,HRDT,HIV test,Premier Medical Corporation Ltd.,SKU0013,"HIV 1/2/O, First Response HIV 1-2.0, v.3.0 Cards Kit, 30 Tests",First Response,30,1400,23100,16.5,0.55,Premier Med. Corp Ltd. India,405,3616.95,36.96
5507,South Africa,PMO - US,Direct Drop,DDP,,29-Jan-08,29-Jan-08,ARV,Adult,"JSI R&T INSTITUTE, INC.",SKU0073,"Efavirenz 600mg [Stocrin/Sustiva], tablets, 30 Tabs",Stocrin/Sustiva,30,600,12996,21.66,0.72,"MSD Midrand, J'burg, SA",Weight Captured Separately,Freight Included in Commodity Cost,20.79
5508,South Africa,PMO - US,Direct Drop,DDP,,29-Jan-08,29-Jan-08,ARV,Pediatric,"JSI R&T INSTITUTE, INC.",SKU0060,"Ritonavir 80mg/ml [Norvir], oral solution, cool, Bottle, 90 ml",Norvir,90,3,28.95,9.65,0.11,ABBVIE (Abbott) France,Weight Captured Separately,Freight Included in Commodity Cost,0.05
5509,South Africa,PMO - US,Direct Drop,DDP,,29-Jan-08,29-Jan-08,ARV,Adult,"JSI R&T INSTITUTE, INC.",SKU0057,"Lopinavir/Ritonavir 133.3/33.3mg [Kaletra], capsules, cool, 2 x 90 Caps",Kaletra,180,400,19304,48.26,0.27,ABBVIE (Abbott) Logis. UK,Weight Captured Separately,Freight Included in Commodity Cost,30.89
5510,South Africa,PMO - US,Direct Drop,DDP,,29-Jan-08,29-Jan-08,ARV,Adult,"JSI R&T INSTITUTE, INC.",SKU0031,"Didanosine EC 250mg [Videx EC], delayed-release capsules, Blister 3 x 10 Caps",Videx EC,30,100,2208,22.08,0.74,"BMS Meymac, France",Weight Captured Separately,Freight Included in Commodity Cost,3.53
5522,Vietnam,PMO - US,Direct Drop,FCA,Air,6-Mar-08,6-Mar-08,ARV,Adult,ABBVIE LOGISTICS (FORMERLY ABBOTT LOGISTICS BV),SKU0008,"Lopinavir/Ritonavir 200/50mg [Aluvia], tablets, 120 Tabs",Aluvia,120,1000,82200,82.2,0.68,ABBVIE Ludwigshafen Germany,249,3120.92,131.52
5532,Rwanda,PMO - US,Direct Drop,EXW,Air,31-Jan-08,28-Jan-08,HRDT,HIV test,"Orgenics, Ltd",SKU0017,"HIV 1/2, Determine HIV Kit, without Lancets, 100 Tests",Determine,100,1500,107985,71.99,0.72,Inverness Japan,340,9479.89,172.78
5534,Vietnam,PMO - US,Direct Drop,EXW,Air,1-Feb-08,1-Feb-08,ARV,Adult,Aurobindo Pharma Limited,SKU0041,"Stavudine 15mg, capsules, 60 Caps",Generic,60,600,900,1.5,0.02,"Aurobindo Unit III, India",See ASN-1230 (ID#:1530),See ASN-1230 (ID#:1530),1.44
5551,Haiti,PMO - US,Direct Drop,EXW,Air,10-Mar-08,10-Mar-08,HRDT,HIV test,"Trinity Biotech, Plc",SKU0024,"HIV 1/2, Capillus HIV Kit, 100 Tests",Capillus,100,2,278,139,1.39,"Trinity Biotech, Plc",1,897.52,0.44
5575,South Africa,PMO - US,Direct Drop,DDP,,21-Jan-08,4-Jan-08,ARV,Adult,"JSI R&T INSTITUTE, INC.",SKU0075,"Stavudine 40mg [Zerit], capsules, 60 Caps",Zerit,60,200,1146,5.73,0.1,"BMS Meymac, France",Weight Captured Separately,Freight Included in Commodity Cost,1.83
5589,Botswana,PMO - US,Direct Drop,EXW,Air,3-Apr-08,3-Apr-08,HRDT,HIV test,"Trinity Biotech, Plc",SKU0009,"HIV 1/2, Uni-Gold HIV Kit, 20 Tests",Uni-Gold,20,450,14400,32,1.6,"Trinity Biotech, Plc",155,1625.08,23.04
5590,Nigeria,PMO - US,Direct Drop,EXW,Air,19-Sep-08,20-Jun-08,HRDT,HIV test,"CHEMBIO DIAGNOSTIC SYSTEMS, INC.",SKU0016,"HIV 1/2, Stat-Pak HIV, Kit, 20 Tests",Stat-Pak,20,7301,197127,27,1.35,Chembio Diagnostics Sys. Inc.,2093,16036.94,315.4
5595,Benin,PMO - US,Direct Drop,EXW,Air,10-Mar-08,10-Mar-08,HRDT,HIV test - Ancillary,"Orgenics, Ltd",SKU0022,"HIV, Lancet, Safety, for HIV Test kits, 100 Pcs",Generic,100,1436,14.36,0.01,0,Inverness Japan,Weight Captured Separately,Invoiced Separately,0.02
5596,Benin,PMO - US,Direct Drop,EXW,Air,10-Mar-08,4-Mar-08,HRDT,HIV test,"Orgenics, Ltd",SKU0017,"HIV 1/2, Determine HIV Kit, without Lancets, 100 Tests",Determine,100,1436,103377.64,71.99,0.72,Inverness Japan,327,6687.51,165.4
5622,Zambia,PMO - US,Direct Drop,EXW,Air,22-Apr-08,22-Apr-08,HRDT,HIV test - Ancillary,"Orgenics, Ltd",SKU0022,"HIV, Lancet, Safety, for HIV Test kits, 100 Pcs",Generic,100,2000,20,0.01,0,Inverness Japan,Weight Captured Separately,Invoiced Separately,0.03
5634,Côte d'Ivoire,PMO - US,Direct Drop,EXW,Air,19-Mar-09,19-Mar-09,HRDT,HIV test,"Standard Diagnostics, Inc.",SKU0019,"HIV 1/2, Bioline 3.0 Kit, Lancets, Capillary pipets, Alcohol swabs included, 25 Tests",Bioline,25,659,13180,20,0.8,"Standard Diagnostics, Korea",206,2358.13,25.83
5635,Lesotho,PMO - US,Direct Drop,EXW,Air,14-Jul-08,14-Jul-08,HRDT,HIV test,Orasure Technologies Inc.,SKU0018,"HIV 1/2, OraQuick Advance HIV Rapid Antibody Kit, 100 Tests",OraQuick,100,7,2450,350,3.5,"Pacific Biotech, Thailand",17,587.63,3.92
5645,Botswana,PMO - US,Direct Drop,EXW,Air,23-Jun-08,4-Jun-08,HRDT,HIV test,"Orgenics, Ltd",SKU0017,"HIV 1/2, Determine HIV Kit, without Lancets, 100 Tests",Determine,100,200,14398,71.99,0.72,Inverness Japan,46,1028.18,23.04
5646,Nigeria,PMO - US,Direct Drop,EXW,Air,8-May-08,7-Apr-08,HRDT,HIV test - Ancillary,"Orgenics, Ltd",SKU0022,"HIV, Lancet, Safety, for HIV Test kits, 100 Pcs",Generic,100,285,2.85,0.01,0,Inverness Japan,Weight Captured Separately,Invoiced Separately,0
5647,Uganda,PMO - US,Direct Drop,EXW,Air,22-May-08,22-May-08,HRDT,HIV test - Ancillary,"Orgenics, Ltd",SKU0022,"HIV, Lancet, Safety, for HIV Test kits, 100 Pcs",Generic,100,850,8.5,0.01,0,Inverness Japan,56,360,0.01
5657,Uganda,PMO - US,Direct Drop,EXW,Air,2-Jun-08,2-Jun-08,HRDT,HIV test,"CHEMBIO DIAGNOSTIC SYSTEMS, INC.",SKU0016,"HIV 1/2, Stat-Pak HIV, Kit, 20 Tests",Stat-Pak,20,1275,34425,27,1.35,Chembio Diagnostics Sys. Inc.,483,4193.88,55.08
5658,Uganda,PMO - US,Direct Drop,EXW,Air,2-Jun-08,2-Jun-08,HRDT,HIV test,"Trinity Biotech, Plc",SKU0009,"HIV 1/2, Uni-Gold HIV Kit, 20 Tests",Uni-Gold,20,85,2720,32,1.6,"Trinity Biotech, Plc",85,1253.98,4.35
5661,Côte d'Ivoire,PMO - US,Direct Drop,EXW,Air,30-May-08,30-May-08,HRDT,HIV test,BIO-RAD LABORATORIES (FRANCE),SKU0025,"#108853** HIV, Genie II HIV-1/HIV-2 Kit, 40 Tests",Genie,40,331,25156,76,1.9,Bio-Rad Laboratories,366,7915.98,40.25
5675,South Africa,PMO - US,Direct Drop,DDP,Truck,24-Apr-08,29-Feb-08,ARV,Adult,S. BUYS WHOLESALER,SKU0051,"Zidovudine 300mg [Retrovir], tablets, 60 Tabs",Retrovir,60,1000,16400,16.4,0.27,GSK Aranda,Weight Captured Separately,Freight Included in Commodity Cost,26.24
5676,South Africa,PMO - US,Direct Drop,DDP,Truck,24-Apr-08,24-Apr-08,ARV,Adult,S. BUYS WHOLESALER,SKU0061,"Lamivudine 150mg [Epivir], tablets, 60 Tabs",Epivir,60,3000,16350,5.45,0.09,GSK Cape Town Factory (South Africa),Weight Captured Separately,Freight Included in Commodity Cost,26.16
5677,South Africa,PMO - US,Direct Drop,DDP,Truck,24-Apr-08,24-Apr-08,ARV,Adult,S. BUYS WHOLESALER,SKU0030,"Stavudine 20mg [Zerit], capsules, 60 Caps",Zerit,60,200,978,4.89,0.08,"BMS Meymac, France",Weight Captured Separately,Freight Included in Commodity Cost,1.56
5678,South Africa,PMO - US,Direct Drop,DDP,Truck,24-Apr-08,24-Apr-08,ARV,Adult,S. BUYS WHOLESALER,SKU0053,"Emtricitabine/Tenofovir Disoproxil Fumarate 200/300mg [Truvada], tablets, 30 Tabs",Truvada,30,20,723.4,36.17,1.21,"Aspen-OSD, Port Elizabeth, SA",Weight Captured Separately,Freight Included in Commodity Cost,1.16
5701,Vietnam,PMO - US,Direct Drop,EXW,Air,14-Jul-08,14-Jul-08,ARV,Adult,Aurobindo Pharma Limited,SKU0058,"Abacavir 300mg, tablets, 60 Tabs",Generic,60,500,12500,25,0.42,"Aurobindo Unit III, India",124,5217.59,20
5703,Vietnam,PMO - US,Direct Drop,EXW,Air,1-Jun-08,22-May-08,ARV,Adult,MYLAN LABORATORIES LTD (FORMERLY MATRIX LABORATORIES),SKU0029,"Tenofovir Disoproxil Fumarate 300mg, tablets, 30 Tabs",Generic,30,2016,27538.56,13.66,0.46,Mylan (formerly Matrix) Nashik,122,2864.44,44.06
5713,Côte d'Ivoire,PMO - US,Direct Drop,EXW,Air,9-May-08,9-May-08,HRDT,HIV test,"Orgenics, Ltd",SKU0017,"HIV 1/2, Determine HIV Kit, without Lancets, 100 Tests",Determine,100,250,17997.5,71.99,0.72,Inverness Japan,57,1796.68,28.8
5717,South Africa,PMO - US,Direct Drop,DDP,,25-Apr-08,7-Apr-08,ARV,Adult,S. BUYS WHOLESALER,SKU0067,"Nevirapine 200mg [Viramune], tablets, 60 Tabs",Viramune,60,100,2030,20.3,0.34,"BI, Ingelheim, Germany",Weight Captured Separately,Freight Included in Commodity Cost,3.25
5769,Botswana,PMO - US,Direct Drop,EXW,Air,20-Jan-09,20-Jan-09,HRDT,HIV test - Ancillary,"Orgenics, Ltd",SKU0022,"HIV, Lancet, Safety, for HIV Test kits, 100 Pcs",Generic,100,100,1,0.01,0,Inverness Japan,Weight Captured Separately,Invoiced Separately,0
5793,Vietnam,PMO - US,Direct Drop,EXW,Air,19-Sep-08,19-Sep-08,ARV,Adult,Aurobindo Pharma Limited,SKU0011,"Lamivudine/Zidovudine 150/300mg, tablets, 60 Tabs",Generic,60,3024,27972,9.25,0.15,"Aurobindo Unit III, India",703,10356.86,44.76
5794,Vietnam,PMO - US,Direct Drop,FCA,Air,16-Nov-08,16-Nov-08,ARV,Adult,ABBVIE LOGISTICS (FORMERLY ABBOTT LOGISTICS BV),SKU0008,"Lopinavir/Ritonavir 200/50mg [Aluvia], tablets, 120 Tabs",Aluvia,120,1040,85488,82.2,0.68,ABBVIE Ludwigshafen Germany,251,2519.89,136.78
5796,Vietnam,PMO - US,Direct Drop,EXW,Air,20-Sep-08,20-Sep-08,ARV,Adult,MYLAN LABORATORIES LTD (FORMERLY MATRIX LABORATORIES),SKU0003,"Lamivudine 150mg, tablets, 60 Tabs",Generic,60,9576,24897.6,2.6,0.04,Mylan (formerly Matrix) Nashik,889,7884.8,39.84
5799,South Africa,PMO - US,Direct Drop,DDP,Truck,20-Aug-08,14-May-08,ARV,Adult,S. BUYS WHOLESALER,SKU0033,"Abacavir 300mg [Ziagen], tablets, Blister 6 x 10 Tabs",Ziagen,60,8,397.92,49.74,0.83,GSK Ware (UK),Weight Captured Separately,Freight Included in Commodity Cost,0.64
5800,South Africa,PMO - US,Direct Drop,DDP,Truck,20-Aug-08,8-May-08,ARV,Pediatric,S. BUYS WHOLESALER,SKU0040,"Didanosine 100mg [Videx],chewable tablets, 60 Tabs",Videx,60,4,56.16,14.04,0.23,"BMS Meymac, France",Weight Captured Separately,Freight Included in Commodity Cost,0.09
5801,South Africa,PMO - US,Direct Drop,DDP,Truck,20-Aug-08,8-May-08,ARV,Adult,S. BUYS WHOLESALER,SKU0021,"Tenofovir Disoproxil Fumarate 300mg [Viread], tablets, 30 Tabs",Viread,30,30,738.3,24.61,0.82,Gilead(Nycomed) Oranienburg DE,Weight Captured Separately,Freight Included in Commodity Cost,1.18
5802,South Africa,PMO - US,Direct Drop,DDP,Truck,20-Aug-08,8-May-08,ARV,Pediatric,S. BUYS WHOLESALER,SKU0015,"Didanosine 2g [Videx], powder for oral solution 10mg/ml, reconstitute to 200 ml",Videx,200,6,78.48,13.08,0.07,"BMS Meymac, France",Weight Captured Separately,Freight Included in Commodity Cost,0.13
5815,Haiti,PMO - US,Direct Drop,EXW,Air,22-Aug-08,22-Aug-08,HRDT,HIV test,"Trinity Biotech, Plc",SKU0024,"HIV 1/2, Capillus HIV Kit, 100 Tests",Capillus,100,121,16819,139,1.39,"Trinity Biotech, Plc",100,1372.85,26.91
5818,Haiti,PMO - US,Direct Drop,EXW,Air,10-Oct-08,10-Oct-08,HRDT,HIV test,"Trinity Biotech, Plc",SKU0024,"HIV 1/2, Capillus HIV Kit, 100 Tests",Capillus,100,84,11676,139,1.39,"Trinity Biotech, Plc",54,871.71,18.68
5821,Haiti,PMO - US,Direct Drop,CIP,Air,14-Jan-09,14-Jan-09,HRDT,HIV test,Orasure Technologies Inc.,SKU0018,"HIV 1/2, OraQuick Advance HIV Rapid Antibody Kit, 100 Tests",OraQuick,100,28,9800,350,3.5,"Pacific Biotech, Thailand",Weight Captured Separately,Freight Included in Commodity Cost,19.21
5857,Rwanda,PMO - US,Direct Drop,EXW,Air,22-Jul-08,22-Jul-08,HRDT,HIV test,"Orgenics, Ltd",SKU0017,"HIV 1/2, Determine HIV Kit, without Lancets, 100 Tests",Determine,100,4327,302890,70,0.7,Inverness Japan,986,26574.61,484.62
5860,Zimbabwe,PMO - US,Direct Drop,EXW,Air,22-Jan-09,22-Jan-09,HRDT,HIV test,"Orgenics, Ltd",SKU0017,"HIV 1/2, Determine HIV Kit, without Lancets, 100 Tests",Determine,100,1396,100498.04,71.99,0.72,Inverness Japan,414,5781.14,196.98
5894,Vietnam,PMO - US,Direct Drop,EXW,Air,3-Sep-08,3-Sep-08,ARV,Adult,Aurobindo Pharma Limited,SKU0003,"Lamivudine 150mg, tablets, 60 Tabs",Generic,60,15960,38304,2.4,0.04,"Aurobindo Unit III, India",755,6609.02,61.29
5895,Vietnam,PMO - US,Direct Drop,EXW,Air,19-Sep-08,19-Sep-08,ARV,Adult,MYLAN LABORATORIES LTD (FORMERLY MATRIX LABORATORIES),SKU0029,"Tenofovir Disoproxil Fumarate 300mg, tablets, 30 Tabs",Generic,30,5040,62294.4,12.36,0.41,Mylan (formerly Matrix) Nashik,301,4883.46,99.67
5905,Tanzania,PMO - US,Direct Drop,CIP,Air,8-Sep-08,8-Sep-08,ARV,Pediatric,GLAXOSMITHKLINE EXPORT LIMITED,SKU0087,"Abacavir 20mg/ml [Ziagen], oral solution, Bottle, 240 ml",Ziagen,240,132,1990.56,15.08,0.06,GSK Mississauga (Canada),65,633,3.18
5916,South Africa,PMO - US,Direct Drop,DDP,Truck,10-Jul-08,8-Jul-08,ARV,Adult,S. BUYS WHOLESALER,SKU0053,"Emtricitabine/Tenofovir Disoproxil Fumarate 200/300mg [Truvada], tablets, 30 Tabs",Truvada,30,30,1171.5,39.05,1.3,"Aspen-OSD, Port Elizabeth, SA",Weight Captured Separately,Freight Included in Commodity Cost,1.87
5917,Nigeria,PMO - US,Direct Drop,EXW,Air,9-Oct-08,9-Oct-08,ANTM,Malaria,IDA FOUNDATION,SKU0088,"Sulfadoxine/Pyrimethamine 500/25mg, tablets, 1000 Tabs",Generic,1000,7,184.45,26.35,0.03,"Micro Labs Ltd. (Brown & Burk), India",488,4404.9,0.3
5928,Nigeria,PMO - US,Direct Drop,EXW,Air,7-Nov-08,7-Nov-08,HRDT,HIV test,"CHEMBIO DIAGNOSTIC SYSTEMS, INC.",SKU0016,"HIV 1/2, Stat-Pak HIV, Kit, 20 Tests",Stat-Pak,20,8485,229095,27,1.35,Chembio Diagnostics Sys. Inc.,2441,22229.32,449.03
5935,Vietnam,PMO - US,Direct Drop,FCA,Air,2-Dec-08,2-Dec-08,ARV,Adult,ABBVIE LOGISTICS (FORMERLY ABBOTT LOGISTICS BV),SKU0008,"Lopinavir/Ritonavir 200/50mg [Aluvia], tablets, 120 Tabs",Aluvia,120,6,493.2,82.2,0.68,ABBVIE Ludwigshafen Germany,9,2709.98,0.97
5936,Vietnam,PMO - US,Direct Drop,EXW,Air,21-Nov-08,21-Nov-08,ARV,Adult,Aurobindo Pharma Limited,SKU0058,"Abacavir 300mg, tablets, 60 Tabs",Generic,60,880,20680,23.5,0.39,"Aurobindo Unit III, India",331,2771.84,40.53
5937,Vietnam,PMO - US,Direct Drop,CIP,Air,21-Nov-08,21-Nov-08,ARV,Pediatric,BRISTOL-MYERS SQUIBB,SKU0028,"Didanosine 25mg [Videx], chewable tablets, 60 Tabs",Videx,60,280,1960,7,0.12,"BMS Meymac, France",60,1516.05,3.84
5976,Ethiopia,PMO - US,Direct Drop,EXW,Air,6-Oct-08,3-Oct-08,HRDT,HIV test,"SHANGHAI KEHUA BIOENGINEERING CO.,LTD.  (KHB)",SKU0063,"HIV 1/2, SKB Colloidal Gold, Diagnostic Kit, Antibody, 50 Tests",Colloidal Gold,1,6998,160954,23,23,"KHB Test Kit Facility, Shanghai China",5057,44347.71,257.53
5978,South Africa,PMO - US,Direct Drop,DDP,Truck,25-Aug-08,14-Aug-08,ARV,Adult,S. BUYS WHOLESALER,SKU0074,"Stavudine 30mg [Zerit], capsules, 60 Caps",Zerit,60,350,1736,4.96,0.08,"BMS Meymac, France",Weight Captured Separately,Freight Included in Commodity Cost,2.78
5979,South Africa,PMO - US,Direct Drop,DDP,Truck,25-Aug-08,14-Aug-08,ARV,Adult,S. BUYS WHOLESALER,SKU0031,"Didanosine EC 250mg [Videx EC], delayed-release capsules, Blister 3 x 10 Caps",Videx EC,30,100,1828,18.28,0.61,"BMS Meymac, France",Weight Captured Separately,Freight Included in Commodity Cost,2.92
5987,Côte d'Ivoire,PMO - US,Direct Drop,EXW,Air,13-Oct-08,13-Oct-08,HRDT,HIV test,"Orgenics, Ltd",SKU0017,"HIV 1/2, Determine HIV Kit, without Lancets, 100 Tests",Determine,100,1174,82180,70,0.7,Inverness Japan,275,4015,131.49
6023,Haiti,PMO - US,Direct Drop,EXW,Air,16-Dec-08,16-Oct-08,ANTM,Malaria,IDA FOUNDATION,SKU0089,"Chloroquine 150mg base (as phosphate), [DON] tablets, 1000 Tabs",Generic,1000,30,197.1,6.57,0.01,Meditab (for Cipla) Daman IN,3221,21015.77,0.39
6041,Côte d'Ivoire,PMO - US,Direct Drop,EXW,Air,5-Dec-08,5-Dec-08,HRDT,HIV test,"Orgenics, Ltd",SKU0017,"HIV 1/2, Determine HIV Kit, without Lancets, 100 Tests",Determine,100,1174,82180,70,0.7,Inverness Japan,268,5243.53,161.07
6062,Namibia,PMO - US,Direct Drop,EXW,Air,29-Oct-08,29-Oct-08,HRDT,HIV test - Ancillary,"Orgenics, Ltd",SKU0022,"HIV, Lancet, Safety, for HIV Test kits, 100 Pcs",Generic,100,150,1.5,0.01,0,Inverness Japan,See ASN-2717 (ID#:791),See ASN-2717 (ID#:791),0
6081,Vietnam,PMO - US,Direct Drop,EXW,Air,27-Feb-09,27-Feb-09,ARV,Adult,Aurobindo Pharma Limited,SKU0003,"Lamivudine 150mg, tablets, 60 Tabs",Generic,60,6966,16718.4,2.4,0.04,"Aurobindo Unit III, India",1068,3894.21,32.77
6082,Vietnam,PMO - US,Direct Drop,EXW,Air,23-Feb-09,23-Feb-09,ARV,Adult,Aurobindo Pharma Limited,SKU0007,"Nevirapine 200mg, tablets, 60 Tabs",Generic,60,4200,12180,2.9,0.05,"Aurobindo Unit III, India",See ASN-3313 (ID#:3456),See ASN-3313 (ID#:3456),23.87
6084,Mozambique,PMO - US,Direct Drop,EXW,Air,29-Dec-08,29-Dec-08,HRDT,HIV test,"Trinity Biotech, Plc",SKU0009,"HIV 1/2, Uni-Gold HIV Kit, 20 Tests",Uni-Gold,20,4916,157312,32,1.6,"Trinity Biotech, Plc",1651,23300.18,308.33
6105,Ethiopia,PMO - US,Direct Drop,EXW,Air,18-Feb-09,18-Feb-09,HRDT,HIV test,"Trinity Biotech, Plc",SKU0009,"HIV 1/2, Uni-Gold HIV Kit, 20 Tests",Uni-Gold,20,2500,80000,32,1.6,"Trinity Biotech, Plc",844,8101.57,156.8
6106,Ethiopia,PMO - US,Direct Drop,EXW,Air,30-Jan-09,24-Nov-08,HRDT,HIV test,"CHEMBIO DIAGNOSTIC SYSTEMS, INC.",SKU0016,"HIV 1/2, Stat-Pak HIV, Kit, 20 Tests",Stat-Pak,20,8964,242028,27,1.35,Chembio Diagnostics Sys. Inc.,3231,15619.2,474.37
6111,Ethiopia,PMO - US,Direct Drop,EXW,Air,26-Jan-09,26-Jan-09,HRDT,HIV test,"SHANGHAI KEHUA BIOENGINEERING CO.,LTD.  (KHB)",SKU0063,"HIV 1/2, SKB Colloidal Gold, Diagnostic Kit, Antibody, 50 Tests",Colloidal Gold,1,3510,80730,23,23,"KHB Test Kit Facility, Shanghai China",2535,20083.74,158.23
6125,South Africa,PMO - US,Direct Drop,DDP,Truck,17-May-09,9-Oct-08,ARV,Adult,S. BUYS WHOLESALER,SKU0007,"Nevirapine 200mg, tablets, 60 Tabs",Generic,60,120,2355.6,19.63,0.33,"Cipla, Goa, India",Weight Captured Separately,Freight Included in Commodity Cost,4.62
6139,Guyana,PMO - US,Direct Drop,CIP,Air,6-Mar-09,6-Mar-09,MRDT,Malaria,ZEPHYR BIOMEDICALS,SKU0036,"Malaria Paramax-3 Kit, 25 Tests",Paramax,25,108,4050,37.5,1.5,Not Applicable,Weight Captured Separately,Freight Included in Commodity Cost,7.94
6196,Côte d'Ivoire,PMO - US,Direct Drop,EXW,Air,20-Jan-09,20-Jan-09,ANTM,Malaria,IDA FOUNDATION,SKU0090,"Quinine 300mg (as sulfate), tablets, Blister 100 x 10 Tabs",Generic,1000,12,629.88,52.49,0.05,"Medopharm Malur Factory, INDIA",12,536.78,1.23
6253,Namibia,PMO - US,Direct Drop,EXW,Air,13-Mar-09,13-Mar-09,HRDT,HIV test,"Trinity Biotech, Plc",SKU0009,"HIV 1/2, Uni-Gold HIV Kit, 20 Tests",Uni-Gold,20,700,22400,32,1.6,"Trinity Biotech, Plc",236,6862.01,43.9
6257,Vietnam,PMO - US,Direct Drop,EXW,Air,7-Apr-09,7-Apr-09,ARV,Adult,Aurobindo Pharma Limited,SKU0004,"Stavudine 30mg, capsules, 60 Caps",Generic,60,9576,13885.2,1.45,0.02,"Aurobindo Unit III, India",See ASN-3561 (ID#:2297),See ASN-3561 (ID#:2297),27.21
6272,Tanzania,PMO - US,Direct Drop,EXW,Air,31-Mar-09,31-Mar-09,HRDT,HIV test,"Orgenics, Ltd",SKU0002,"HIV 1/2, Determine Complete HIV Kit, 100 Tests",Determine,100,1132,81504,72,0.72,Inverness Japan,337,4323.93,159.75
6312,Rwanda,PMO - US,Direct Drop,EXW,Air,28-Apr-09,11-Mar-09,HRDT,HIV test,Premier Medical Corporation Ltd.,SKU0013,"HIV 1/2/O, First Response HIV 1-2.0, v.3.0 Cards Kit, 30 Tests",First Response,30,3912,88020,22.5,0.75,Premier Med. Corp Ltd. India,1320,15022.74,172.52
6369,Haiti,PMO - US,Direct Drop,FCA,Air,15-Apr-09,15-Apr-09,ARV,Adult,ABBVIE LOGISTICS (FORMERLY ABBOTT LOGISTICS BV),SKU0008,"Lopinavir/Ritonavir 200/50mg [Aluvia], tablets, 120 Tabs",Aluvia,120,10,411,41.1,0.34,ABBVIE Ludwigshafen Germany,9,807.28,0.81
6381,Vietnam,PMO - US,Direct Drop,CIP,Air,26-Mar-09,26-Mar-09,ARV,Pediatric,BRISTOL-MYERS SQUIBB,SKU0040,"Didanosine 100mg [Videx],chewable tablets, 60 Tabs",Videx,60,260,3315,12.75,0.21,"BMS Meymac, France",56,2246.81,6.5
6394,South Africa,PMO - US,Direct Drop,DDP,Air,17-Mar-09,28-Nov-08,ARV,Adult,S. BUYS WHOLESALER,SKU0003,"Lamivudine 150mg, tablets, 60 Tabs",Generic,60,5000,27450,5.49,0.09,"Aurobindo Unit III, India",Weight Captured Separately,Freight Included in Commodity Cost,53.8
6395,South Africa,PMO - US,Direct Drop,DDP,Air,31-Mar-09,2-Dec-08,ARV,Pediatric,S. BUYS WHOLESALER,SKU0023,"Stavudine 1mg/ml [Zerit], powder for oral solution, Bottle, 200 ml",Zerit,200,1320,1504.8,1.14,0.01,"BMS Meymac, France",Weight Captured Separately,Freight Included in Commodity Cost,2.95
6396,South Africa,PMO - US,Direct Drop,DDP,Air,31-Mar-09,2-Dec-08,ARV,Pediatric,S. BUYS WHOLESALER,SKU0076,"Stavudine 1mg/ml, powder for oral solution, 200 ml",Generic,200,500,1000,2,0.01,"Aurobindo Unit III, India",Weight Captured Separately,Freight Included in Commodity Cost,1.96
6397,South Africa,PMO - US,Direct Drop,DDP,Air,14-Apr-09,4-Dec-08,ARV,Adult,S. BUYS WHOLESALER,SKU0074,"Stavudine 30mg [Zerit], capsules, 60 Caps",Zerit,60,10260,39193.2,3.82,0.06,"BMS Meymac, France",Weight Captured Separately,Freight Included in Commodity Cost,76.82
6398,South Africa,PMO - US,Direct Drop,DDP,Air,16-Jun-09,28-Jan-09,ARV,Adult,S. BUYS WHOLESALER,SKU0004,"Stavudine 30mg, capsules, 60 Caps",Generic,60,20213,50734.63,2.51,0.04,"Aurobindo Unit III, India",Weight Captured Separately,Freight Included in Commodity Cost,99.44
6399,South Africa,PMO - US,Direct Drop,DDP,Air,7-Apr-09,3-Dec-08,ARV,Adult,S. BUYS WHOLESALER,SKU0074,"Stavudine 30mg [Zerit], capsules, 60 Caps",Zerit,60,1140,4286.4,3.76,0.06,"BMS Meymac, France",Weight Captured Separately,Freight Included in Commodity Cost,8.4
6400,South Africa,PMO - US,Direct Drop,DDP,Air,21-Apr-09,5-Dec-08,ARV,Pediatric,S. BUYS WHOLESALER,SKU0005,"Zidovudine 10mg/ml, oral solution, Bottle, 240 ml",Generic,240,23,83.72,3.64,0.02,"Aurobindo Unit III, India",See ASN-3635 (ID#:3745),See ASN-3635 (ID#:3745),0.16
6401,South Africa,PMO - US,Direct Drop,DDP,Air,31-Mar-09,21-Nov-08,ARV,Pediatric,S. BUYS WHOLESALER,SKU0023,"Stavudine 1mg/ml [Zerit], powder for oral solution, Bottle, 200 ml",Zerit,200,400,440,1.1,0.01,"BMS Meymac, France",Weight Captured Separately,Freight Included in Commodity Cost,0.86
6402,South Africa,PMO - US,Direct Drop,DDP,Air,1-Apr-09,26-Nov-08,ARV,Pediatric,S. BUYS WHOLESALER,SKU0047,"Lamivudine 10mg/ml [Epivir], oral solution, Bottle, 240 ml",Epivir,240,156,845.52,5.42,0.02,GSK Mississauga (Canada),See ASN-3760 (ID#:5049),See ASN-3760 (ID#:5049),1.66
6403,South Africa,PMO - US,Direct Drop,DDP,Air,18-Mar-09,18-Mar-09,ARV,Pediatric,S. BUYS WHOLESALER,SKU0047,"Lamivudine 10mg/ml [Epivir], oral solution, Bottle, 240 ml",Epivir,240,44,237.6,5.4,0.02,GSK Mississauga (Canada),Weight Captured Separately,Freight Included in Commodity Cost,0.47
6404,South Africa,PMO - US,Direct Drop,DDP,Air,30-Mar-09,21-Jan-09,ARV,Adult,S. BUYS WHOLESALER,SKU0073,"Efavirenz 600mg [Stocrin/Sustiva], tablets, 30 Tabs",Stocrin/Sustiva,30,1600,26624,16.64,0.55,"MSD Midrand, J'burg, SA",Weight Captured Separately,Freight Included in Commodity Cost,52.18
6405,South Africa,PMO - US,Direct Drop,DDP,Air,30-Mar-09,21-Jan-09,ARV,Adult,S. BUYS WHOLESALER,SKU0051,"Zidovudine 300mg [Retrovir], tablets, 60 Tabs",Retrovir,60,800,9856,12.32,0.21,GSK Aranda,Weight Captured Separately,Freight Included in Commodity Cost,19.32
6411,South Africa,PMO - US,Direct Drop,DDP,Air,25-Jun-09,30-Oct-09,ARV,Pediatric,S. BUYS WHOLESALER,SKU0048,"Lamivudine 10mg/ml, oral solution, Bottle, 240 ml",Generic,240,3304,18667.6,5.65,0.02,"Aurobindo Unit III, India",Weight Captured Separately,Freight Included in Commodity Cost,40.25
6415,South Africa,PMO - US,Direct Drop,DDP,Air,25-Jun-09,8-Apr-09,ARV,Pediatric,S. BUYS WHOLESALER,SKU0005,"Zidovudine 10mg/ml, oral solution, Bottle, 240 ml",Generic,240,1200,7248,6.04,0.03,"Aurobindo Unit III, India",Weight Captured Separately,Freight Included in Commodity Cost,14.21
6416,South Africa,PMO - US,Direct Drop,DDP,Air,25-Jun-09,21-Apr-09,ARV,Adult,S. BUYS WHOLESALER,SKU0004,"Stavudine 30mg, capsules, 60 Caps",Generic,60,2775,8325,3,0.05,"Aurobindo Unit III, India",Weight Captured Separately,Freight Included in Commodity Cost,16.32
6417,South Africa,PMO - US,Direct Drop,DDP,Air,25-Jun-09,15-Apr-09,ARV,Pediatric,S. BUYS WHOLESALER,SKU0001,"Nevirapine 10mg/ml, oral suspension, Bottle, 240 ml",Generic,240,150,1407,9.38,0.04,"Aurobindo Unit III, India",Weight Captured Separately,Freight Included in Commodity Cost,2.76
6418,South Africa,PMO - US,Direct Drop,DDP,Air,25-Jun-09,16-Apr-09,ARV,Adult,S. BUYS WHOLESALER,SKU0026,"Efavirenz 600mg, tablets, 30 Tabs",Generic,30,6500,82030,12.62,0.42,"Aurobindo Unit III, India",Weight Captured Separately,Freight Included in Commodity Cost,160.78
6431,Côte d'Ivoire,PMO - US,Direct Drop,FCA,Air,24-Aug-09,24-Aug-09,ARV,Pediatric,ABBVIE LOGISTICS (FORMERLY ABBOTT LOGISTICS BV),SKU0042,"Lopinavir/Ritonavir 80/20mg/ml [Kaletra], oral solution, cool, Bottle 5 x 60 ml",Kaletra,300,50,2055,41.1,0.14,ABBVIE (Abbott) Logis. UK,99,1939.99,4.03
6432,South Africa,PMO - US,Direct Drop,DDP,Truck,21-Apr-09,21-Apr-09,ARV,Adult,S. BUYS WHOLESALER,SKU0021,"Tenofovir Disoproxil Fumarate 300mg [Viread], tablets, 30 Tabs",Viread,30,650,13819,21.26,0.71,"Aspen-OSD, Port Elizabeth, SA",Weight Captured Separately,Freight Included in Commodity Cost,27.09
6436,South Africa,PMO - US,Direct Drop,DDP,Truck,15-May-09,20-Apr-09,ARV,Adult,S. BUYS WHOLESALER,SKU0026,"Efavirenz 600mg, tablets, 30 Tabs",Generic,30,2000,25040,12.52,0.42,"Cipla, Goa, India",Weight Captured Separately,Freight Included in Commodity Cost,49.08
6437,South Africa,PMO - US,Direct Drop,DDP,Truck,15-May-09,23-Apr-09,ARV,Adult,S. BUYS WHOLESALER,SKU0003,"Lamivudine 150mg, tablets, 60 Tabs",Generic,60,2000,14160,7.08,0.12,"Aurobindo Unit III, India",See ASN-4332 (ID#:1115),See ASN-4332 (ID#:1115),27.75
6438,South Africa,PMO - US,Direct Drop,DDP,Truck,15-May-09,23-Apr-09,ARV,Pediatric,S. BUYS WHOLESALER,SKU0076,"Stavudine 1mg/ml, powder for oral solution, 200 ml",Generic,200,400,832,2.08,0.01,"Aurobindo Unit III, India",See ASN-4332 (ID#:1115),See ASN-4332 (ID#:1115),1.63
6439,South Africa,PMO - US,Direct Drop,DDP,Truck,15-May-09,23-Apr-09,ARV,Pediatric,S. BUYS WHOLESALER,SKU0001,"Nevirapine 10mg/ml, oral suspension, Bottle, 240 ml",Generic,240,80,750.4,9.38,0.04,"Aurobindo Unit III, India",See ASN-4332 (ID#:1115),See ASN-4332 (ID#:1115),1.47
6440,South Africa,PMO - US,Direct Drop,DDP,Truck,15-May-09,17-Jul-09,ARV,Adult,S. BUYS WHOLESALER,SKU0030,"Stavudine 20mg [Zerit], capsules, 60 Caps",Zerit,60,24,94.8,3.95,0.07,"BMS Meymac, France",Weight Captured Separately,Freight Included in Commodity Cost,0.19
6450,Côte d'Ivoire,PMO - US,Direct Drop,EXW,Air,14-Jul-09,14-Jul-09,HRDT,HIV test,"Orgenics, Ltd",SKU0017,"HIV 1/2, Determine HIV Kit, without Lancets, 100 Tests",Determine,100,800,56000,70,0.7,Inverness Japan,182,3272.6,109.76
6451,Zambia,PMO - US,Direct Drop,EXW,Air,10-Jul-09,10-Jul-09,HRDT,HIV test,"Trinity Biotech, Plc",SKU0009,"HIV 1/2, Uni-Gold HIV Kit, 20 Tests",Uni-Gold,20,7000,224000,32,1.6,"Trinity Biotech, Plc",2379,21686.21,439.04
6488,Nigeria,PMO - US,Direct Drop,EXW,Air,27-Oct-09,27-Oct-09,ACT,ACT,MISSIONPHARMA A/S,SKU0034,"Artemether/Lumefantrine 20/120mg [Coartem], scored tablets, Blister 30 x 18 Tabs",Coartem,540,2000,70420,35.21,0.07,"Novartis Pharma Suffern, USA",10,14515.44,138.02
6517,Vietnam,PMO - US,Direct Drop,EXW,Air,10-Jul-09,10-Jul-09,ARV,Adult,Aurobindo Pharma Limited,SKU0004,"Stavudine 30mg, capsules, 60 Caps",Generic,60,6048,8769.6,1.45,0.02,"Aurobindo Unit III, India",See ASN-4420 (ID#:1183),See ASN-4420 (ID#:1183),17.19
6519,Botswana,PMO - US,Direct Drop,EXW,Air,10-Jul-09,10-Jul-09,HRDT,HIV test,"Orgenics, Ltd",SKU0017,"HIV 1/2, Determine HIV Kit, without Lancets, 100 Tests",Determine,100,1200,84000,70,0.7,Inverness Japan,274,3321.08,164.64
6524,Namibia,PMO - US,Direct Drop,DDP,Air,15-May-09,15-May-09,HRDT,HIV test,"Orgenics, Ltd",SKU0055,"HIV 1/2, Clearview Complete Kit, 25 Tests",Clearview,25,7,525,75,3,Chembio Diagnostics Sys. Inc.,5,87.73,1.03
6544,Vietnam,PMO - US,Direct Drop,CIP,Air,22-Jun-09,22-Jun-09,ARV,Pediatric,BRISTOL-MYERS SQUIBB,SKU0028,"Didanosine 25mg [Videx], chewable tablets, 60 Tabs",Videx,60,120,840,7,0.12,"BMS Meymac, France",Weight Captured Separately,Freight Included in Commodity Cost,1.65
6546,Vietnam,PMO - US,Direct Drop,CIP,Air,28-Jul-09,28-Jul-09,ARV,Pediatric,BRISTOL-MYERS SQUIBB,SKU0028,"Didanosine 25mg [Videx], chewable tablets, 60 Tabs",Videx,60,320,2240,7,0.12,"BMS Meymac, France",See ASN-4488 (ID#:1213),See ASN-4488 (ID#:1213),4.39
6561,South Africa,PMO - US,Direct Drop,DDP,Truck,28-Jul-09,5-Aug-09,ARV,Pediatric,S. BUYS WHOLESALER,SKU0042,"Lopinavir/Ritonavir 80/20mg/ml [Kaletra], oral solution, cool, Bottle 5 x 60 ml",Kaletra,300,50,2099,41.98,0.14,ABBVIE (Abbott) Logis. UK,Weight Captured Separately,Freight Included in Commodity Cost,4.11
6563,South Africa,PMO - US,Direct Drop,DDP,Truck,12-Oct-09,3-Aug-09,ARV,Pediatric,S. BUYS WHOLESALER,SKU0066,"Efavirenz 200mg, capsule, 90 Caps",Generic,90,140,3540.6,25.29,0.28,"Aurobindo Unit III, India",Weight Captured Separately,Freight Included in Commodity Cost,6.94
6595,Zambia,PMO - US,Direct Drop,FCA,Air,28-Aug-06,28-Aug-06,HRDT,HIV test,Abbott GmbH & Co. KG,SKU0002,"HIV 1/2, Determine Complete HIV Kit, 100 Tests",Determine,100,500,40000,80,0.8,ABBVIE GmbH & Co.KG Wiesbaden,171,1187.19,
6599,Haiti,PMO - US,Direct Drop,CIP,Air,15-Sep-06,15-Sep-06,HRDT,HIV test,PLURIPHARM S.A.,SKU0024,"HIV 1/2, Capillus HIV Kit, 100 Tests",Capillus,100,12,3240,270,2.7,Not Applicable,Weight Captured Separately,Freight Included in Commodity Cost,
6600,Vietnam,PMO - US,Direct Drop,EXW,Air,1-Sep-06,1-Sep-06,ARV,Adult,SUN PHARMACEUTICAL INDUSTRIES LTD (RANBAXY LABORATORIES LIMITED),SKU0003,"Lamivudine 150mg, tablets, 60 Tabs",Generic,60,2080,8299.2,3.99,0.07,"Ranbaxy, Paonta Shahib, India",87,10657.19,
6601,Vietnam,PMO - US,Direct Drop,EXW,Air,4-Sep-06,4-Sep-06,ARV,Adult,CIPLA LIMITED,SKU0026,"Efavirenz 600mg, tablets, 30 Tabs",Generic,30,19000,323000,17,0.57,"Cipla, Goa, India",1520,19044.32,
6608,Côte d'Ivoire,PMO - US,Direct Drop,FCA,Air,27-Oct-06,27-Oct-06,HRDT,HIV test,Abbott GmbH & Co. KG,SKU0002,"HIV 1/2, Determine Complete HIV Kit, 100 Tests",Determine,100,600,48000,80,0.8,ABBVIE GmbH & Co.KG Wiesbaden,205503,4110.88,
6621,Uganda,PMO - US,Direct Drop,EXW,Air,21-Dec-06,21-Dec-06,ARV,Adult,Aurobindo Pharma Limited,SKU0004,"Stavudine 30mg, capsules, 60 Caps",Generic,60,6349,12380.55,1.95,0.03,"Aurobindo Unit III, India",See ASN-127 (ID#:3955),See ASN-127 (ID#:3955),
6622,Uganda,PMO - US,Direct Drop,EXW,Air,2-Jan-07,2-Jan-07,ARV,Adult,STRIDES ARCOLAB LIMITED,SKU0007,"Nevirapine 200mg, tablets, 60 Tabs",Generic,60,6349,21586.6,3.4,0.06,"Strides, Bangalore, India.",355,3181.2,
6623,Zambia,PMO - US,Direct Drop,CIP,Air,5-Dec-06,5-Dec-06,ARV,Pediatric,INTERNATIONAL HEALTHCARE DISTRIBUTORS,SKU0042,"Lopinavir/Ritonavir 80/20mg/ml [Kaletra], oral solution, cool, Bottle 5 x 60 ml",Kaletra,300,70,2877,41.1,0.14,ABBVIE (Abbott) Logis. UK,57,Freight Included in Commodity Cost,
6624,Zambia,PMO - US,Direct Drop,EXW,Air,9-Jan-07,9-Jan-07,ARV,Adult,"GILEAD SCIENCES IRELAND, INC.",SKU0053,"Emtricitabine/Tenofovir Disoproxil Fumarate 200/300mg [Truvada], tablets, 30 Tabs",Truvada,30,14851,389838.75,26.25,0.88,Gilead(Nycomed) Oranienburg DE,1244,6546.69,
6625,Vietnam,PMO - US,Direct Drop,EXW,Air,16-Mar-07,16-Mar-07,ARV,Adult,"GILEAD SCIENCES IRELAND, INC.",SKU0021,"Tenofovir Disoproxil Fumarate 300mg [Viread], tablets, 30 Tabs",Viread,30,1900,32300,17,0.57,Gilead(Nycomed) Oranienburg DE,116,14571.5,
6626,Vietnam,PMO - US,Direct Drop,EXW,Air,14-Mar-07,14-Mar-07,ARV,Pediatric,Aurobindo Pharma Limited,SKU0076,"Stavudine 1mg/ml, powder for oral solution, 200 ml",Generic,200,1000,1450,1.45,0.01,"Aurobindo Unit III, India",See ASN-276 (ID#:2686),See ASN-276 (ID#:2686),
6627,Vietnam,PMO - US,Direct Drop,EXW,Air,14-Mar-07,14-Mar-07,ARV,Adult,STRIDES ARCOLAB LIMITED,SKU0007,"Nevirapine 200mg, tablets, 60 Tabs",Generic,60,83000,282200,3.4,0.06,"Strides, Bangalore, India.",See ASN-273 (ID#:1283),See ASN-273 (ID#:1283),
6642,Zambia,PMO - US,Direct Drop,CIP,Air,8-Mar-07,8-Mar-07,ARV,Pediatric,INTERNATIONAL HEALTHCARE DISTRIBUTORS,SKU0042,"Lopinavir/Ritonavir 80/20mg/ml [Kaletra], oral solution, cool, Bottle 5 x 60 ml",Kaletra,300,70,2877,41.1,0.14,ABBVIE (Abbott) Logis. UK,58,Freight Included in Commodity Cost,
6647,Rwanda,PMO - US,Direct Drop,EXW,Air,25-Jan-07,25-Jan-07,HRDT,HIV test,"Trinity Biotech, Plc",SKU0024,"HIV 1/2, Capillus HIV Kit, 100 Tests",Capillus,100,60,10500,175,1.75,"Trinity Biotech, Plc",39,859.37,
6670,Mozambique,PMO - US,Direct Drop,CIP,Air,6-Sep-07,6-Sep-07,ARV,Adult,INTERNATIONAL HEALTHCARE DISTRIBUTORS,SKU0031,"Didanosine EC 250mg [Videx EC], delayed-release capsules, Blister 3 x 10 Caps",Videx EC,30,44,859.65,19.54,0.65,"BMS Meymac, France",Weight Captured Separately,Freight Included in Commodity Cost,1.38
6671,Côte d'Ivoire,PMO - US,Direct Drop,CIP,Air,21-Sep-07,21-Sep-07,ARV,Pediatric,BRISTOL-MYERS SQUIBB,SKU0012,"#102198**Didanosine 200mg [Videx], tablets, 60 Tabs",Videx,60,5721,145885.5,25.5,0.42,"BMS Meymac, France",1232,Freight Included in Commodity Cost,233.42
6691,Vietnam,PMO - US,Direct Drop,EXW,Air,24-Oct-07,24-Oct-07,ARV,Adult,SUN PHARMACEUTICAL INDUSTRIES LTD (RANBAXY LABORATORIES LIMITED),SKU0014,"Zidovudine 300mg, tablets, 60 Tabs",Generic,60,100,894,8.94,0.15,"Ranbaxy, Paonta Shahib, India",6,2794.34,1.43
6692,Vietnam,PMO - US,Direct Drop,FCA,Air,10-Sep-07,10-Sep-07,ARV,Adult,ABBVIE LOGISTICS (FORMERLY ABBOTT LOGISTICS BV),SKU0008,"Lopinavir/Ritonavir 200/50mg [Aluvia], tablets, 120 Tabs",Aluvia,120,1000,82190,82.19,0.68,ABBVIE Ludwigshafen Germany,226,5294.51,131.5
6693,Guyana,PMO - US,Direct Drop,EXW,Air,8-Aug-07,8-Aug-07,HRDT,HIV test,"CHEMBIO DIAGNOSTIC SYSTEMS, INC.",SKU0016,"HIV 1/2, Stat-Pak HIV, Kit, 20 Tests",Stat-Pak,20,50,1350,27,1.35,Chembio Diagnostics Sys. Inc.,13,581.1,2.16
6705,Rwanda,PMO - US,Direct Drop,CIP,Air,14-Sep-07,14-Sep-07,ARV,Pediatric,BRISTOL-MYERS SQUIBB,SKU0046,"Didanosine 50mg [Videx], chewable tablets, 60 Tabs",Videx,60,182,1729,9.5,0.16,"BMS Meymac, France",40,86.4,2.77
6724,Vietnam,PMO - US,Direct Drop,EXW,Air,19-Dec-07,19-Dec-07,ARV,Pediatric,Aurobindo Pharma Limited,SKU0082,"Didanosine 100mg, chewable/dispersible tablets, 60 Tabs",Generic,60,1200,9300,7.75,0.13,"Aurobindo Unit III, India",249,3719.91,14.88
6745,Guyana,PMO - US,Direct Drop,EXW,Air,21-Sep-07,8-Oct-07,HRDT,HIV test,"Orgenics, Ltd",SKU0017,"HIV 1/2, Determine HIV Kit, without Lancets, 100 Tests",Determine,100,442,31819.58,71.99,0.72,Inverness Japan,100,1928.93,50.91
6746,Nigeria,PMO - US,Direct Drop,EXW,Air,7-Nov-07,7-Nov-07,HRDT,HIV test,"CHEMBIO DIAGNOSTIC SYSTEMS, INC.",SKU0016,"HIV 1/2, Stat-Pak HIV, Kit, 20 Tests",Stat-Pak,20,10000,270000,27,1.35,Chembio Diagnostics Sys. Inc.,3265,6197,432
6753,Nigeria,PMO - US,Direct Drop,CIP,,7-Sep-07,7-May-07,HRDT,HIV test,ACCOUN NIGERIA LIMITED,SKU0002,"HIV 1/2, Determine Complete HIV Kit, 100 Tests",Determine,100,500,40000,80,0.8,ABBVIE GmbH & Co.KG Wiesbaden,Weight Captured Separately,Freight Included in Commodity Cost,64
6768,Guyana,PMO - US,Direct Drop,CIF,,7-Nov-07,7-Nov-07,MRDT,Malaria,ZEPHYR BIOMEDICALS,SKU0036,"Malaria Paramax-3 Kit, 25 Tests",Paramax,25,390,14625,37.5,1.5,Not Applicable,145,186.25,23.4
6837,Rwanda,PMO - US,Direct Drop,EXW,Air,28-Jan-08,28-Jan-08,ARV,Adult,ASPEN PHARMACARE,SKU0021,"Tenofovir Disoproxil Fumarate 300mg [Viread], tablets, 30 Tabs",Viread,30,84,0.84,0.01,0,"Aspen-OSD, Port Elizabeth, SA",See ASN-990 (ID#:1502),See ASN-990 (ID#:1502),0
6845,South Africa,PMO - US,Direct Drop,DDP,,29-Jan-08,29-Jan-08,ARV,Adult,"JSI R&T INSTITUTE, INC.",SKU0030,"Stavudine 20mg [Zerit], capsules, 60 Caps",Zerit,60,30,179.7,5.99,0.1,"BMS Meymac, France",Weight Captured Separately,Freight Included in Commodity Cost,0.29
6846,South Africa,PMO - US,Direct Drop,DDP,,29-Jan-08,29-Jan-08,ARV,Adult,"JSI R&T INSTITUTE, INC.",SKU0067,"Nevirapine 200mg [Viramune], tablets, 60 Tabs",Viramune,60,300,7272,24.24,0.4,"BI, Ingelheim, Germany",Weight Captured Separately,Freight Included in Commodity Cost,11.64
6848,Rwanda,PMO - US,Direct Drop,CIP,Air,28-Apr-08,22-Apr-08,ARV,Adult,CIPLA LIMITED,SKU0044,"Lamivudine/Nevirapine/Stavudine 150/200/30mg, tablets, 60 Tabs",Generic,60,34576,242032,7,0.12,"Cipla, Goa, India",3656,10500,387.25
6849,Rwanda,PMO - US,Direct Drop,CIP,Air,28-Apr-08,28-Apr-08,ARV,Adult,CIPLA LIMITED,SKU0044,"Lamivudine/Nevirapine/Stavudine 150/200/30mg, tablets, 60 Tabs",Generic,60,16640,116480,7,0.12,"Cipla, Goa, India",1766,10500,186.37
6881,Haiti,PMO - US,Direct Drop,EXW,Air,22-Jan-08,22-Jan-08,HRDT,HIV test,Orasure Technologies Inc.,SKU0018,"HIV 1/2, OraQuick Advance HIV Rapid Antibody Kit, 100 Tests",OraQuick,100,25,8750,350,3.5,"Pacific Biotech, Thailand",60,1521.11,14
6884,Haiti,PMO - US,Direct Drop,EXW,Air,18-Feb-08,18-Feb-08,HRDT,HIV test,"Trinity Biotech, Plc",SKU0024,"HIV 1/2, Capillus HIV Kit, 100 Tests",Capillus,100,8,1112,139,1.39,"Trinity Biotech, Plc",6,3238.79,1.78
6896,Ethiopia,PMO - US,Direct Drop,EXW,Air,4-Mar-08,4-Mar-08,ARV,Adult,ASPEN PHARMACARE,SKU0021,"Tenofovir Disoproxil Fumarate 300mg [Viread], tablets, 30 Tabs",Viread,30,14820,251940,17,0.57,"Aspen-OSD, Port Elizabeth, SA",1233,5137.76,403.1
6913,South Africa,PMO - US,Direct Drop,DDP,,21-Jan-08,4-Jan-08,ARV,Pediatric,"JSI R&T INSTITUTE, INC.",SKU0060,"Ritonavir 80mg/ml [Norvir], oral solution, cool, Bottle, 90 ml",Norvir,90,3,27.69,9.23,0.1,ABBVIE (Abbott) France,Weight Captured Separately,Freight Included in Commodity Cost,0.04
6914,South Africa,PMO - US,Direct Drop,DDP,,21-Jan-08,4-Jan-08,ARV,Pediatric,"JSI R&T INSTITUTE, INC.",SKU0042,"Lopinavir/Ritonavir 80/20mg/ml [Kaletra], oral solution, cool, Bottle 5 x 60 ml",Kaletra,300,30,1384.5,46.15,0.15,ABBVIE (Abbott) Logis. UK,Weight Captured Separately,Freight Included in Commodity Cost,2.22
6915,South Africa,PMO - US,Direct Drop,DDP,,21-Jan-08,4-Jan-08,ARV,Adult,"JSI R&T INSTITUTE, INC.",SKU0061,"Lamivudine 150mg [Epivir], tablets, 60 Tabs",Epivir,60,2500,14525,5.81,0.1,GSK Cape Town Factory (South Africa),Weight Captured Separately,Freight Included in Commodity Cost,23.24
6931,Tanzania,PMO - US,Direct Drop,CIP,Air,8-May-08,8-May-08,ARV,Pediatric,GLAXOSMITHKLINE EXPORT LIMITED,SKU0087,"Abacavir 20mg/ml [Ziagen], oral solution, Bottle, 240 ml",Ziagen,240,132,3300,25,0.1,GSK Mississauga (Canada),Weight Captured Separately,Freight Included in Commodity Cost,5.28
6932,Nigeria,PMO - US,Direct Drop,EXW,Air,21-Apr-08,29-Feb-08,HRDT,HIV test,"CHEMBIO DIAGNOSTIC SYSTEMS, INC.",SKU0016,"HIV 1/2, Stat-Pak HIV, Kit, 20 Tests",Stat-Pak,20,9380,253260,27,1.35,Chembio Diagnostics Sys. Inc.,3058,18750.2,405.22
6933,Nigeria,PMO - US,Direct Drop,EXW,Air,21-Apr-08,27-Mar-08,HRDT,HIV test,"CHEMBIO DIAGNOSTIC SYSTEMS, INC.",SKU0016,"HIV 1/2, Stat-Pak HIV, Kit, 20 Tests",Stat-Pak,20,8153,220131,27,1.35,Chembio Diagnostics Sys. Inc.,2707,13535.55,352.21
6962,Mozambique,PMO - US,Direct Drop,EXW,Air,13-Jun-08,27-May-08,HRDT,HIV test,"Orgenics, Ltd",SKU0017,"HIV 1/2, Determine HIV Kit, without Lancets, 100 Tests",Determine,100,4200,302358,71.99,0.72,Inverness Japan,965,7781.88,483.77
6972,Lesotho,PMO - US,Direct Drop,DDP,Air,12-Mar-08,12-Mar-08,HRDT,HIV test,Orasure Technologies Inc.,SKU0018,"HIV 1/2, OraQuick Advance HIV Rapid Antibody Kit, 100 Tests",OraQuick,100,7,2450,350,3.5,"Pacific Biotech, Thailand",Weight Captured Separately,Freight Included in Commodity Cost,3.92
6988,Nigeria,PMO - US,Direct Drop,EXW,Air,8-May-08,8-May-08,HRDT,HIV test,"Orgenics, Ltd",SKU0017,"HIV 1/2, Determine HIV Kit, without Lancets, 100 Tests",Determine,100,285,22797.15,79.99,0.8,Inverness Japan,64,1629,36.48
6994,Namibia,PMO - US,Direct Drop,EXW,Air,2-Apr-08,2-Apr-08,HRDT,HIV test,"Orgenics, Ltd",SKU0055,"HIV 1/2, Clearview Complete Kit, 25 Tests",Clearview,25,271,20325,75,3,Inverness USA,260,1496.76,32.52
7007,Vietnam,PMO - US,Direct Drop,DDU,Truck,12-May-08,16-Apr-08,ARV,Adult,CENTRAL PHARMACEUTICAL COMPANY NO. 1,SKU0021,"Tenofovir Disoproxil Fumarate 300mg [Viread], tablets, 30 Tabs",Viread,30,1968,40717.92,20.69,0.69,Gilead(Nycomed) Oranienburg DE,Weight Captured Separately,1401.49,65.15
7008,South Africa,PMO - US,Direct Drop,DDP,Truck,24-Apr-08,24-Apr-08,ARV,Pediatric,S. BUYS WHOLESALER,SKU0042,"Lopinavir/Ritonavir 80/20mg/ml [Kaletra], oral solution, cool, Bottle 5 x 60 ml",Kaletra,300,10,394,39.4,0.13,ABBVIE (Abbott) Logis. UK,Weight Captured Separately,Freight Included in Commodity Cost,0.63
7009,South Africa,PMO - US,Direct Drop,DDP,Truck,24-Apr-08,24-Apr-08,ARV,Pediatric,S. BUYS WHOLESALER,SKU0020,"Zidovudine 10mg/ml [Retrovir], oral solution, Bottle, 200 ml",Retrovir,200,100,676,6.76,0.03,GSK Mississauga (Canada),Weight Captured Separately,Freight Included in Commodity Cost,1.08
7030,Vietnam,PMO - US,Direct Drop,CIP,Air,17-Jul-08,17-Jul-08,ARV,Pediatric,BRISTOL-MYERS SQUIBB,SKU0028,"Didanosine 25mg [Videx], chewable tablets, 60 Tabs",Videx,60,400,2800,7,0.12,"BMS Meymac, France",82,2211.05,4.48
7032,Vietnam,PMO - US,Direct Drop,EXW,Air,2-Jun-08,2-Jun-08,ARV,Pediatric,Aurobindo Pharma Limited,SKU0065,"Zidovudine 100mg, capsules, 100 Caps",Generic,100,630,3458.7,5.49,0.05,"Aurobindo Unit III, India",48,2729.91,5.53
7055,South Africa,PMO - US,Direct Drop,DDP,,25-Apr-08,7-Apr-08,ARV,Pediatric,S. BUYS WHOLESALER,SKU0040,"Didanosine 100mg [Videx],chewable tablets, 60 Tabs",Videx,60,6,81.66,13.61,0.23,"BMS Meymac, France",Weight Captured Separately,Freight Included in Commodity Cost,0.13
7056,South Africa,PMO - US,Direct Drop,DDP,,25-Apr-08,8-Apr-08,ARV,Adult,S. BUYS WHOLESALER,SKU0057,"Lopinavir/Ritonavir 133.3/33.3mg [Kaletra], capsules, cool, 2 x 90 Caps",Kaletra,180,400,14352,35.88,0.2,ABBVIE (Abbott) Logis. UK,Weight Captured Separately,Freight Included in Commodity Cost,22.96
7091,Botswana,PMO - US,Direct Drop,EXW,Air,3-Jul-08,3-Jul-08,HRDT,HIV test,"Trinity Biotech, Plc",SKU0009,"HIV 1/2, Uni-Gold HIV Kit, 20 Tests",Uni-Gold,20,500,16000,32,1.6,"Trinity Biotech, Plc",500,2442.32,25.6
7093,Botswana,PMO - US,Direct Drop,EXW,Air,3-Jul-08,3-Jul-08,HRDT,HIV test,"Trinity Biotech, Plc",SKU0009,"HIV 1/2, Uni-Gold HIV Kit, 20 Tests",Uni-Gold,20,500,16000,32,1.6,"Trinity Biotech, Plc",500,2442.32,25.6
7120,Vietnam,PMO - US,Direct Drop,EXW,Air,20-Sep-08,20-Sep-08,ARV,Adult,MYLAN LABORATORIES LTD (FORMERLY MATRIX LABORATORIES),SKU0029,"Tenofovir Disoproxil Fumarate 300mg, tablets, 30 Tabs",Generic,30,672,9179.52,13.66,0.46,Mylan (formerly Matrix) Nashik,See ASN-2335 (ID#:5796),See ASN-2335 (ID#:5796),14.69
7121,Vietnam,PMO - US,Direct Drop,EXW,Air,19-Sep-08,19-Sep-08,ARV,Adult,MYLAN LABORATORIES LTD (FORMERLY MATRIX LABORATORIES),SKU0014,"Zidovudine 300mg, tablets, 60 Tabs",Generic,60,648,4860,7.5,0.12,Mylan (formerly Matrix) Nashik,See ASN-2336 (ID#:530),See ASN-2336 (ID#:530),7.78
7122,Vietnam,PMO - US,Direct Drop,EXW,Air,11-Aug-08,11-Aug-08,ARV,Adult,STRIDES ARCOLAB LIMITED,SKU0004,"Stavudine 30mg, capsules, 60 Caps",Generic,60,9275,13448.75,1.45,0.02,"Strides, Bangalore, India.",432,7444.35,21.52
7125,South Africa,PMO - US,Direct Drop,DDP,Truck,20-Aug-08,8-May-08,ARV,Pediatric,S. BUYS WHOLESALER,SKU0042,"Lopinavir/Ritonavir 80/20mg/ml [Kaletra], oral solution, cool, Bottle 5 x 60 ml",Kaletra,300,40,1479.6,36.99,0.12,ABBVIE (Abbott) Logis. UK,Weight Captured Separately,Freight Included in Commodity Cost,2.37
7126,South Africa,PMO - US,Direct Drop,DDP,Truck,20-Aug-08,14-Aug-08,ARV,Adult,S. BUYS WHOLESALER,SKU0053,"Emtricitabine/Tenofovir Disoproxil Fumarate 200/300mg [Truvada], tablets, 30 Tabs",Truvada,30,150,5737.5,38.25,1.27,Gilead(Nycomed) Oranienburg DE,Weight Captured Separately,Freight Included in Commodity Cost,9.18
7127,South Africa,PMO - US,Direct Drop,DDP,Truck,20-Aug-08,8-May-08,ARV,Adult,S. BUYS WHOLESALER,SKU0026,"Efavirenz 600mg, tablets, 30 Tabs",Generic,30,1500,23790,15.86,0.53,"Cipla, Goa, India",Weight Captured Separately,Freight Included in Commodity Cost,38.06
7128,South Africa,PMO - US,Direct Drop,DDP,Truck,20-Aug-08,14-May-08,ARV,Pediatric,S. BUYS WHOLESALER,SKU0047,"Lamivudine 10mg/ml [Epivir], oral solution, Bottle, 240 ml",Epivir,240,470,2942.2,6.26,0.03,GSK Mississauga (Canada),Weight Captured Separately,Freight Included in Commodity Cost,4.71
7129,South Africa,PMO - US,Direct Drop,DDP,Truck,20-Aug-08,14-May-08,ARV,Pediatric,S. BUYS WHOLESALER,SKU0020,"Zidovudine 10mg/ml [Retrovir], oral solution, Bottle, 200 ml",Retrovir,200,140,960.4,6.86,0.03,GSK Mississauga (Canada),Weight Captured Separately,Freight Included in Commodity Cost,1.54
7172,Nigeria,PMO - US,Direct Drop,EXW,Air,31-Jul-08,31-Jul-08,ANTM,Malaria,IDA FOUNDATION,SKU0088,"Sulfadoxine/Pyrimethamine 500/25mg, tablets, 1000 Tabs",Generic,1000,20,527,26.35,0.03,"Micro Labs Ltd. (Brown & Burk), India",1920,20134.43,0.84
7176,Rwanda,PMO - US,Direct Drop,EXW,Air,18-Oct-08,18-Oct-08,HRDT,HIV test,"Trinity Biotech, Plc",SKU0009,"HIV 1/2, Uni-Gold HIV Kit, 20 Tests",Uni-Gold,20,3400,108800,32,1.6,"Trinity Biotech, Plc",1131,22370.64,174.08
7183,Rwanda,PMO - US,Direct Drop,EXW,Air,4-Jul-08,4-Jul-08,HRDT,HIV test,Premier Medical Corporation Ltd.,SKU0013,"HIV 1/2/O, First Response HIV 1-2.0, v.3.0 Cards Kit, 30 Tests",First Response,30,6180,101970,16.5,0.55,Premier Med. Corp Ltd. India,2130,17331.66,163.15
7184,Zimbabwe,PMO - US,Direct Drop,EXW,Air,17-Nov-08,17-Nov-08,HRDT,HIV test,"Standard Diagnostics, Inc.",SKU0019,"HIV 1/2, Bioline 3.0 Kit, Lancets, Capillary pipets, Alcohol swabs included, 25 Tests",Bioline,25,7864,157280,20,0.8,"Standard Diagnostics, Korea",2450,18087.86,308.27
7201,Rwanda,PMO - US,Direct Drop,CIP,Air,22-Jul-08,22-Jul-08,ARV,Adult,Aurobindo Pharma Limited,SKU0011,"Lamivudine/Zidovudine 150/300mg, tablets, 60 Tabs",Generic,60,45168,414642.24,9.18,0.15,"Aurobindo Unit III, India",3953,23071.26,663.43
7202,South Africa,PMO - US,Direct Drop,DDP,Truck,17-Jun-08,17-Jun-08,ARV,Adult,S. BUYS WHOLESALER,SKU0053,"Emtricitabine/Tenofovir Disoproxil Fumarate 200/300mg [Truvada], tablets, 30 Tabs",Truvada,30,60,2368.2,39.47,1.32,"Aspen-OSD, Port Elizabeth, SA",Weight Captured Separately,Freight Included in Commodity Cost,3.79
7218,Vietnam,PMO - US,Direct Drop,EXW,Air,19-Sep-08,19-Sep-08,ARV,Adult,Aurobindo Pharma Limited,SKU0007,"Nevirapine 200mg, tablets, 60 Tabs",Generic,60,4200,12180,2.9,0.05,"Aurobindo Unit III, India",See ASN-2274 (ID#:610),See ASN-2274 (ID#:610),19.49
9269,Guyana,PMO - US,Direct Drop,EXW,Air,8-Nov-06,8-Nov-06,ARV,Adult,Aurobindo Pharma Limited,SKU0014,"Zidovudine 300mg, tablets, 60 Tabs",Generic,60,245,2707.25,11.05,0.18,"Aurobindo Unit III, India",13,1020.6,
7244,South Africa,PMO - US,Direct Drop,DDP,Truck,10-Jul-08,8-Jul-08,ARV,Adult,S. BUYS WHOLESALER,SKU0007,"Nevirapine 200mg, tablets, 60 Tabs",Generic,60,120,2428.8,20.24,0.34,"Cipla, Goa, India",Weight Captured Separately,Freight Included in Commodity Cost,3.89
7259,Guyana,PMO - US,Direct Drop,EXW,Air,29-Oct-08,13-Oct-08,HRDT,HIV test - Ancillary,"Orgenics, Ltd",SKU0022,"HIV, Lancet, Safety, for HIV Test kits, 100 Pcs",Generic,100,213,2.13,0.01,0,Inverness Japan,14,180,0
8951,Rwanda,PMO - US,Direct Drop,EXW,Air,6-Apr-09,6-Apr-09,HRDT,HIV test,"Trinity Biotech, Plc",SKU0009,"HIV 1/2, Uni-Gold HIV Kit, 20 Tests",Uni-Gold,20,1163,37216,32,1.6,"Trinity Biotech, Plc",385,6269.97,72.94
7260,Nigeria,PMO - US,Direct Drop,EXW,Air,12-Sep-08,3-Sep-08,HRDT,HIV test - Ancillary,"Orgenics, Ltd",SKU0022,"HIV, Lancet, Safety, for HIV Test kits, 100 Pcs",Generic,100,6875,68.75,0.01,0,Inverness Japan,Weight Captured Separately,Invoiced Separately,0.11
7276,Ethiopia,PMO - US,Direct Drop,EXW,Air,6-Oct-08,6-Oct-08,HRDT,HIV test,"Trinity Biotech, Plc",SKU0009,"HIV 1/2, Uni-Gold HIV Kit, 20 Tests",Uni-Gold,20,4200,134400,32,1.6,"Trinity Biotech, Plc",1413,18180.65,215.04
7321,Mozambique,PMO - US,Direct Drop,EXW,Air,1-Nov-08,1-Nov-08,HRDT,HIV test,"Orgenics, Ltd",SKU0017,"HIV 1/2, Determine HIV Kit, without Lancets, 100 Tests",Determine,100,7690,553603.1,71.99,0.72,Inverness Japan,See ASN-2658 (ID#:4650),See ASN-2658 (ID#:4650),1085.06
7325,South Africa,PMO - US,Direct Drop,DDP,Truck,25-Aug-08,18-Aug-08,ARV,Adult,S. BUYS WHOLESALER,SKU0007,"Nevirapine 200mg, tablets, 60 Tabs",Generic,60,240,4860,20.25,0.34,"Cipla, Goa, India",Weight Captured Separately,Freight Included in Commodity Cost,7.78
7326,South Africa,PMO - US,Direct Drop,DDP,Truck,25-Aug-08,14-Aug-08,ARV,Pediatric,S. BUYS WHOLESALER,SKU0023,"Stavudine 1mg/ml [Zerit], powder for oral solution, Bottle, 200 ml",Zerit,200,120,176.4,1.47,0.01,"BMS Meymac, France",Weight Captured Separately,Freight Included in Commodity Cost,0.28
7327,South Africa,PMO - US,Direct Drop,DDP,Truck,25-Aug-08,14-Aug-08,ARV,Adult,S. BUYS WHOLESALER,SKU0061,"Lamivudine 150mg [Epivir], tablets, 60 Tabs",Epivir,60,1500,7965,5.31,0.09,GSK Cape Town Factory (South Africa),Weight Captured Separately,Freight Included in Commodity Cost,12.74
7338,Côte d'Ivoire,PMO - US,Direct Drop,EXW,Air,23-Jan-09,23-Jan-09,ACT,ACT,IDA FOUNDATION,SKU0091,"Artesunate+Amodiaquine 50+153mg, tablets, co-blister 12+12 Tabs",Generic,24,25000,17500,0.7,0.03,Ipca Dadra/Nagar Haveli IN,634,8530.29,34.3
7398,Côte d'Ivoire,PMO - US,Direct Drop,EXW,Air,24-Nov-08,24-Nov-08,HRDT,HIV test,BIO-RAD LABORATORIES (FRANCE),SKU0025,"#108853** HIV, Genie II HIV-1/HIV-2 Kit, 40 Tests",Genie,40,603,45828,76,1.9,Bio-Rad Laboratories,679,9698.22,89.82
7421,Namibia,PMO - US,Direct Drop,CIP,Air,28-Oct-08,28-Oct-08,HRDT,HIV test,"Orgenics, Ltd",SKU0055,"HIV 1/2, Clearview Complete Kit, 25 Tests",Clearview,25,7,525,75,3,Inverness USA,3,85.27,1.03
7436,Vietnam,PMO - US,Direct Drop,EXW,Air,27-Feb-09,27-Feb-09,ARV,Adult,Aurobindo Pharma Limited,SKU0007,"Nevirapine 200mg, tablets, 60 Tabs",Generic,60,7800,22620,2.9,0.05,"Aurobindo Unit III, India",See ASN-3312 (ID#:6081),See ASN-3312 (ID#:6081),44.34
7467,Ethiopia,PMO - US,Direct Drop,EXW,Air,26-Jan-09,26-Jan-09,HRDT,HIV test,"SHANGHAI KEHUA BIOENGINEERING CO.,LTD.  (KHB)",SKU0063,"HIV 1/2, SKB Colloidal Gold, Diagnostic Kit, Antibody, 50 Tests",Colloidal Gold,1,3510,80730,23,23,"KHB Test Kit Facility, Shanghai China",2535,20083.74,158.23
7468,Ethiopia,PMO - US,Direct Drop,EXW,Air,3-Dec-08,1-Dec-08,HRDT,HIV test,"SHANGHAI KEHUA BIOENGINEERING CO.,LTD.  (KHB)",SKU0063,"HIV 1/2, SKB Colloidal Gold, Diagnostic Kit, Antibody, 50 Tests",Colloidal Gold,1,3510,80730,23,23,"KHB Test Kit Facility, Shanghai China",2535,23035.69,158.23
7469,Ethiopia,PMO - US,Direct Drop,EXW,Air,3-Dec-08,1-Dec-08,HRDT,HIV test,"SHANGHAI KEHUA BIOENGINEERING CO.,LTD.  (KHB)",SKU0063,"HIV 1/2, SKB Colloidal Gold, Diagnostic Kit, Antibody, 50 Tests",Colloidal Gold,1,3510,80730,23,23,"KHB Test Kit Facility, Shanghai China",2535,23035.69,158.23
7475,South Africa,PMO - US,Direct Drop,DDP,Truck,17-May-09,9-Oct-08,ARV,Adult,S. BUYS WHOLESALER,SKU0051,"Zidovudine 300mg [Retrovir], tablets, 60 Tabs",Retrovir,60,350,4417,12.62,0.21,GSK Aranda,Weight Captured Separately,Freight Included in Commodity Cost,8.66
7476,South Africa,PMO - US,Direct Drop,DDP,Truck,17-May-09,9-Oct-08,ARV,Adult,S. BUYS WHOLESALER,SKU0061,"Lamivudine 150mg [Epivir], tablets, 60 Tabs",Epivir,60,1200,5772,4.81,0.08,GSK Cape Town Factory (South Africa),Weight Captured Separately,Freight Included in Commodity Cost,11.31
7477,South Africa,PMO - US,Direct Drop,DDP,Truck,17-May-09,9-Oct-08,ARV,Pediatric,S. BUYS WHOLESALER,SKU0028,"Didanosine 25mg [Videx], chewable tablets, 60 Tabs",Videx,60,10,123.1,12.31,0.21,"BMS Meymac, France",Weight Captured Separately,Freight Included in Commodity Cost,0.24
7607,Vietnam,PMO - US,Direct Drop,EXW,Air,7-Apr-09,7-Apr-09,ARV,Adult,Aurobindo Pharma Limited,SKU0011,"Lamivudine/Zidovudine 150/300mg, tablets, 60 Tabs",Generic,60,4032,34715.52,8.61,0.14,"Aurobindo Unit III, India",See ASN-3561 (ID#:2297),See ASN-3561 (ID#:2297),68.04
7638,Tanzania,PMO - US,Direct Drop,FCA,Air,27-May-09,27-May-09,ARV,Adult,ABBVIE LOGISTICS (FORMERLY ABBOTT LOGISTICS BV),SKU0008,"Lopinavir/Ritonavir 200/50mg [Aluvia], tablets, 120 Tabs",Aluvia,120,12560,516216,41.1,0.34,ABBVIE Ludwigshafen Germany,3073,12815.42,1011.78
7675,Côte d'Ivoire,PMO - US,Direct Drop,EXW,Air,24-Mar-09,24-Mar-09,HRDT,HIV test,"Orgenics, Ltd",SKU0017,"HIV 1/2, Determine HIV Kit, without Lancets, 100 Tests",Determine,100,2000,140000,70,0.7,Inverness Japan,453,8603.58,274.4
7695,Haiti,PMO - US,Direct Drop,EXW,Air,2-Apr-09,2-Apr-09,ARV,Pediatric,Aurobindo Pharma Limited,SKU0092,"Didanosine 200mg, chewable/dispersible tablets, 60 Tabs",Generic,60,40,620,15.5,0.26,"Aurobindo Unit III, India",See ASN-3628 (ID#:2399),See ASN-3628 (ID#:2399),1.22
7696,Haiti,PMO - US,Direct Drop,EXW,Air,7-Apr-09,7-Apr-09,ARV,Pediatric,Aurobindo Pharma Limited,SKU0049,"Efavirenz 50mg, capsule, 30 Caps",Generic,30,1242,2782.08,2.24,0.07,"Aurobindo Unit III, India",96,1448.55,5.45
7708,Haiti,PMO - US,Direct Drop,EXW,Air,24-Mar-09,24-Mar-09,HRDT,HIV test,"Trinity Biotech, Plc",SKU0024,"HIV 1/2, Capillus HIV Kit, 100 Tests",Capillus,100,110,15290,139,1.39,"Trinity Biotech, Plc",78,1953.6,29.97
7718,South Africa,PMO - US,Direct Drop,DDP,Air,17-Mar-09,28-Nov-08,ARV,Adult,S. BUYS WHOLESALER,SKU0014,"Zidovudine 300mg, tablets, 60 Tabs",Generic,60,300,3699,12.33,0.21,"Aurobindo Unit III, India",Weight Captured Separately,Freight Included in Commodity Cost,7.25
7719,South Africa,PMO - US,Direct Drop,DDP,Air,17-Mar-09,28-Nov-08,ARV,Pediatric,S. BUYS WHOLESALER,SKU0005,"Zidovudine 10mg/ml, oral solution, Bottle, 240 ml",Generic,240,540,2030.4,3.76,0.02,"Aurobindo Unit III, India",Weight Captured Separately,Freight Included in Commodity Cost,3.98
7720,South Africa,PMO - US,Direct Drop,DDP,Air,17-Mar-09,28-Nov-08,ARV,Adult,S. BUYS WHOLESALER,SKU0008,"Lopinavir/Ritonavir 200/50mg [Aluvia], tablets, 120 Tabs",Aluvia,120,1500,47880,31.92,0.27,ABBVIE Ludwigshafen Germany,Weight Captured Separately,Freight Included in Commodity Cost,93.84
7721,South Africa,PMO - US,Direct Drop,DDP,Air,31-Mar-09,2-Dec-08,ARV,Adult,S. BUYS WHOLESALER,SKU0026,"Efavirenz 600mg, tablets, 30 Tabs",Generic,30,6734,98383.74,14.61,0.49,"Cipla, Goa, India",Weight Captured Separately,Freight Included in Commodity Cost,192.83
7728,South Africa,PMO - US,Direct Drop,DDP,Air,21-Apr-09,5-Dec-08,ARV,Pediatric,S. BUYS WHOLESALER,SKU0049,"Efavirenz 50mg, capsule, 30 Caps",Generic,30,144,440.64,3.06,0.1,"Aurobindo Unit III, India",See ASN-3635 (ID#:3745),See ASN-3635 (ID#:3745),0.86
7729,South Africa,PMO - US,Direct Drop,DDP,Air,9-Jun-09,27-Jan-09,ARV,Pediatric,S. BUYS WHOLESALER,SKU0049,"Efavirenz 50mg, capsule, 30 Caps",Generic,30,2996,9197.72,3.07,0.1,"Aurobindo Unit III, India",Weight Captured Separately,Freight Included in Commodity Cost,18.03
7730,South Africa,PMO - US,Direct Drop,DDP,Air,31-Mar-09,21-Nov-08,ARV,Adult,S. BUYS WHOLESALER,SKU0027,"Saquinavir 200mg [Invirase], capsules, 270 Caps",Invirase,270,30,1634.7,54.49,0.2,Roche Basel,Weight Captured Separately,Freight Included in Commodity Cost,3.2
7731,South Africa,PMO - US,Direct Drop,DDP,Air,31-Mar-09,21-Nov-08,ARV,Pediatric,S. BUYS WHOLESALER,SKU0062,"Efavirenz 50mg [Stocrin/Sustiva], capsule, 30 Caps",Stocrin/Sustiva,30,400,912,2.28,0.08,"MSD Midrand, J'burg, SA",Weight Captured Separately,Freight Included in Commodity Cost,1.79
7732,South Africa,PMO - US,Direct Drop,DDP,Air,31-Mar-09,21-Nov-08,ARV,Pediatric,S. BUYS WHOLESALER,SKU0040,"Didanosine 100mg [Videx],chewable tablets, 60 Tabs",Videx,60,10,100.6,10.06,0.17,"BMS Meymac, France",Weight Captured Separately,Freight Included in Commodity Cost,0.2
7734,South Africa,PMO - US,Direct Drop,DDP,Air,30-Mar-09,21-Jan-09,ARV,Pediatric,S. BUYS WHOLESALER,SKU0023,"Stavudine 1mg/ml [Zerit], powder for oral solution, Bottle, 200 ml",Zerit,200,650,741,1.14,0.01,"BMS Meymac, France",Weight Captured Separately,Freight Included in Commodity Cost,1.45
7735,South Africa,PMO - US,Direct Drop,DDP,Air,30-Mar-09,21-Jan-09,ARV,Pediatric,S. BUYS WHOLESALER,SKU0047,"Lamivudine 10mg/ml [Epivir], oral solution, Bottle, 240 ml",Epivir,240,350,1781.5,5.09,0.02,GSK Mississauga (Canada),Weight Captured Separately,Freight Included in Commodity Cost,3.49
7736,South Africa,PMO - US,Direct Drop,DDP,Air,30-Mar-09,21-Jan-09,ARV,Pediatric,S. BUYS WHOLESALER,SKU0042,"Lopinavir/Ritonavir 80/20mg/ml [Kaletra], oral solution, cool, Bottle 5 x 60 ml",Kaletra,300,70,2163.7,30.91,0.1,ABBVIE (Abbott) Logis. UK,Weight Captured Separately,Freight Included in Commodity Cost,4.24
7741,South Africa,PMO - US,Direct Drop,DDP,Truck,14-Apr-09,14-Apr-09,ARV,Pediatric,S. BUYS WHOLESALER,SKU0042,"Lopinavir/Ritonavir 80/20mg/ml [Kaletra], oral solution, cool, Bottle 5 x 60 ml",Kaletra,300,440,15831.2,35.98,0.12,ABBVIE (Abbott) Logis. UK,Weight Captured Separately,Freight Included in Commodity Cost,31.03
7748,South Africa,PMO - US,Direct Drop,DDP,Air,25-Jun-09,14-Apr-09,ARV,Pediatric,S. BUYS WHOLESALER,SKU0076,"Stavudine 1mg/ml, powder for oral solution, 200 ml",Generic,200,1500,3150,2.1,0.01,"Aurobindo Unit III, India",Weight Captured Separately,Freight Included in Commodity Cost,6.17
7749,South Africa,PMO - US,Direct Drop,DDP,Air,25-Jun-09,20-Apr-09,ARV,Adult,S. BUYS WHOLESALER,SKU0008,"Lopinavir/Ritonavir 200/50mg [Aluvia], tablets, 120 Tabs",Aluvia,120,2965,106680.7,35.98,0.3,ABBVIE Ludwigshafen Germany,Weight Captured Separately,Freight Included in Commodity Cost,209.09
7750,South Africa,PMO - US,Direct Drop,DDP,Air,25-Jun-09,21-Apr-09,ARV,Pediatric,S. BUYS WHOLESALER,SKU0047,"Lamivudine 10mg/ml [Epivir], oral solution, Bottle, 240 ml",Epivir,240,1900,10564,5.56,0.02,GSK Mississauga (Canada),Weight Captured Separately,Freight Included in Commodity Cost,20.71
7751,South Africa,PMO - US,Direct Drop,DDP,Truck,25-Jun-09,5-Jun-09,ARV,Adult,S. BUYS WHOLESALER,SKU0004,"Stavudine 30mg, capsules, 60 Caps",Generic,60,4553,13659,3,0.05,"Aurobindo Unit III, India",Weight Captured Separately,Freight Included in Commodity Cost,26.77
7775,Guyana,PMO - US,Direct Drop,EXW,Air,9-Jul-09,9-Jul-09,HRDT,HIV test,"Trinity Biotech, Plc",SKU0009,"HIV 1/2, Uni-Gold HIV Kit, 20 Tests",Uni-Gold,20,1371,43872,32,1.6,"Trinity Biotech, Plc",468,5733.61,85.99
7778,South Africa,PMO - US,Direct Drop,DDP,Truck,8-Jun-09,8-Jun-09,ARV,Pediatric,S. BUYS WHOLESALER,SKU0049,"Efavirenz 50mg, capsule, 30 Caps",Generic,30,600,1890,3.15,0.1,"Aurobindo Unit III, India",Weight Captured Separately,Freight Included in Commodity Cost,3.7
7779,South Africa,PMO - US,Direct Drop,DDP,Truck,15-May-09,17-Apr-09,ARV,Adult,S. BUYS WHOLESALER,SKU0067,"Nevirapine 200mg [Viramune], tablets, 60 Tabs",Viramune,60,300,5031,16.77,0.28,"Boehringer Ing., Koropi, GR",Weight Captured Separately,Freight Included in Commodity Cost,9.86
7837,Vietnam,PMO - US,Direct Drop,EXW,Air,10-Jul-09,10-Jul-09,ARV,Adult,Aurobindo Pharma Limited,SKU0003,"Lamivudine 150mg, tablets, 60 Tabs",Generic,60,18000,43200,2.4,0.04,"Aurobindo Unit III, India",See ASN-4420 (ID#:1183),See ASN-4420 (ID#:1183),84.67
7847,Namibia,PMO - US,Direct Drop,EXW,Air,18-Aug-09,18-Aug-09,ARV,Pediatric,CIPLA LIMITED,SKU0093,"Lamivudine/Nevirapine/Stavudine 30/50/6mg, dispersible tablets, 60 Tabs",Generic,60,1812,4348.8,2.4,0.04,"Cipla, Goa, India",See ASN-4511 (ID#:2571),See ASN-4511 (ID#:2571),8.52
7849,Uganda,PMO - US,Direct Drop,CIP,Air,6-Jul-09,6-Jul-09,ARV,Adult,BRISTOL-MYERS SQUIBB,SKU0031,"Didanosine EC 250mg [Videx EC], delayed-release capsules, Blister 3 x 10 Caps",Videx EC,30,84,1540.56,18.34,0.61,"BMS Meymac, France",4,390.81,3.02
7857,Botswana,PMO - US,Direct Drop,EXW,Air,7-Jul-09,7-Jul-09,HRDT,HIV test,"Orgenics, Ltd",SKU0017,"HIV 1/2, Determine HIV Kit, without Lancets, 100 Tests",Determine,100,15,1050,70,0.7,Inverness Japan,4,383.65,2.06
7868,Tanzania,PMO - US,Direct Drop,FCA,Air,25-Sep-09,25-Sep-09,ARV,Adult,Hoffmann-La Roche ltd Basel,SKU0027,"Saquinavir 200mg [Invirase], capsules, 270 Caps",Invirase,270,5178,461436.41,89.11,0.33,Roche Basel,2666,16751.58,904.42
7894,Namibia,PMO - US,Direct Drop,EXW,Air,27-Jul-09,27-Jul-09,HRDT,HIV test,"Orgenics, Ltd",SKU0017,"HIV 1/2, Determine HIV Kit, without Lancets, 100 Tests",Determine,100,24,1680,70,0.7,Inverness Japan,6,868.31,3.29
7921,Vietnam,PMO - US,Direct Drop,EXW,Air,3-Sep-06,3-Sep-06,ARV,Adult,Hoffmann-La Roche ltd Basel,SKU0080,"Nelfinavir (as mesilate) 250mg [Viracept], tablets, 270 Tabs",Viracept,270,1000,164620,164.62,0.61,Roche Madrid,254,7828.28,
7922,Côte d'Ivoire,PMO - US,Direct Drop,FCA,Air,16-Sep-06,16-Sep-06,HRDT,HIV test,Abbott GmbH & Co. KG,SKU0002,"HIV 1/2, Determine Complete HIV Kit, 100 Tests",Determine,100,500,40000,80,0.8,ABBVIE GmbH & Co.KG Wiesbaden,171,1275.12,
7926,Nigeria,PMO - US,Direct Drop,DDU,,21-Jul-06,21-Jul-06,HRDT,HIV test,ACCOUN NIGERIA LIMITED,SKU0002,"HIV 1/2, Determine Complete HIV Kit, 100 Tests",Determine,100,500,60000,120,1.2,ABBVIE (Abbott) Japan Co. Ltd.,Weight Captured Separately,Freight Included in Commodity Cost,
7929,Zambia,PMO - US,Direct Drop,FCA,Air,19-Sep-06,19-Sep-06,HRDT,HIV test,Abbott GmbH & Co. KG,SKU0002,"HIV 1/2, Determine Complete HIV Kit, 100 Tests",Determine,100,1000,80000,80,0.8,ABBVIE GmbH & Co.KG Wiesbaden,343,2373.73,
7939,Haiti,PMO - US,Direct Drop,DDP,Air,15-Sep-06,15-Sep-06,HRDT,HIV test,REINBOLD EXPORT IMPORT,SKU0002,"HIV 1/2, Determine Complete HIV Kit, 100 Tests",Determine,100,150,22500,150,1.5,ABBVIE (Abbott) Japan Co. Ltd.,Weight Captured Separately,Freight Included in Commodity Cost,
7953,Côte d'Ivoire,PMO - US,Direct Drop,FCA,Air,14-Nov-06,14-Nov-06,HRDT,HIV test,Abbott GmbH & Co. KG,SKU0002,"HIV 1/2, Determine Complete HIV Kit, 100 Tests",Determine,100,850,68000,80,0.8,ABBVIE GmbH & Co.KG Wiesbaden,291096,156.97,
7954,Zambia,PMO - US,Direct Drop,FCA,Air,31-Oct-06,31-Oct-06,HRDT,HIV test,Abbott GmbH & Co. KG,SKU0002,"HIV 1/2, Determine Complete HIV Kit, 100 Tests",Determine,100,1250,100000,80,0.8,ABBVIE GmbH & Co.KG Wiesbaden,426,2487.58,
7968,Zambia,PMO - US,Direct Drop,DDU,Air,8-Jan-07,8-Jan-07,ARV,Adult,MERCK SHARP & DOHME IDEA GMBH (FORMALLY MERCK SHARP & DOHME B.V.),SKU0094,"Indinavir 400mg [Crixivan], capsules, 180 Caps",Crixivan,180,1307,64461.24,49.32,0.27,MSD Elkton USA,Weight Captured Separately,Freight Included in Commodity Cost,
7970,Vietnam,PMO - US,Direct Drop,EXW,Air,14-Mar-07,14-Mar-07,ARV,Adult,SUN PHARMACEUTICAL INDUSTRIES LTD (RANBAXY LABORATORIES LIMITED),SKU0014,"Zidovudine 300mg, tablets, 60 Tabs",Generic,60,100,1084,10.84,0.18,"Ranbaxy, Paonta Shahib, India",See ASN-270 (ID#:5279),See ASN-270 (ID#:5279),
7975,Uganda,PMO - US,Direct Drop,EXW,Air,22-Dec-06,22-Dec-06,ARV,Adult,ASPEN PHARMACARE,SKU0095,"Lamivudine/Zidovudine+Nevirapine 150/300+200mg, tablets, co-blister, 60+60 Tabs",Generic,120,1270,26670,21,0.18,"Aspen-OSD, Port Elizabeth, SA",201,1262.91,
7983,Zimbabwe,PMO - US,Direct Drop,CIP,Air,18-Dec-06,18-Dec-06,ARV,Pediatric,BRISTOL-MYERS SQUIBB,SKU0012,"#102198**Didanosine 200mg [Videx], tablets, 60 Tabs",Videx,60,425,10837.5,25.5,0.42,"BMS Meymac, France",Weight Captured Separately,Freight Included in Commodity Cost,
7984,Haiti,PMO - US,Direct Drop,EXW,Air,23-Jan-07,23-Jan-07,HRDT,HIV test,"Trinity Biotech, Plc",SKU0024,"HIV 1/2, Capillus HIV Kit, 100 Tests",Capillus,100,60,10500,175,1.75,Not Applicable,40,749.96,
7990,Nigeria,PMO - US,Direct Drop,EXW,Air,15-Mar-07,5-Mar-07,HRDT,HIV test,"CHEMBIO DIAGNOSTIC SYSTEMS, INC.",SKU0016,"HIV 1/2, Stat-Pak HIV, Kit, 20 Tests",Stat-Pak,20,2496,67392,27,1.35,Chembio Diagnostics Sys. Inc.,702,4474.15,
7991,Nigeria,PMO - US,Direct Drop,EXW,Air,15-Mar-07,15-Mar-07,HRDT,HIV test,"CHEMBIO DIAGNOSTIC SYSTEMS, INC.",SKU0016,"HIV 1/2, Stat-Pak HIV, Kit, 20 Tests",Stat-Pak,20,5004,135108,27,1.35,Chembio Diagnostics Sys. Inc.,1531,11731.15,
8005,Guyana,PMO - US,Direct Drop,EXW,Air,27-Mar-07,27-Mar-07,HRDT,HIV test,"CHEMBIO DIAGNOSTIC SYSTEMS, INC.",SKU0016,"HIV 1/2, Stat-Pak HIV, Kit, 20 Tests",Stat-Pak,20,50,1350,27,1.35,Chembio Diagnostics Sys. Inc.,18,378.6,
8017,Haiti,PMO - US,Direct Drop,EXW,Air,3-May-07,3-May-07,HRDT,HIV test,Abbott GmbH & Co. KG,SKU0002,"HIV 1/2, Determine Complete HIV Kit, 100 Tests",Determine,100,1000,80000,80,0.8,ABBVIE GmbH & Co.KG Wiesbaden,343,2802.42,
8023,Nigeria,PMO - US,Direct Drop,EXW,Air,31-May-07,31-May-07,HRDT,HIV test,Abbott GmbH & Co. KG,SKU0002,"HIV 1/2, Determine Complete HIV Kit, 100 Tests",Determine,100,2500,200000,80,0.8,ABBVIE GmbH & Co.KG Wiesbaden,851,5469.91,
8038,Vietnam,PMO - US,Direct Drop,EXW,Air,15-Oct-07,15-Oct-07,ARV,Pediatric,Aurobindo Pharma Limited,SKU0048,"Lamivudine 10mg/ml, oral solution, Bottle, 240 ml",Generic,240,500,950,1.9,0.01,"Aurobindo Unit III, India",See ASN-781 (ID#:115),See ASN-781 (ID#:115),1.52
8061,Tanzania,PMO - US,Direct Drop,EXW,Air,25-Oct-07,25-Oct-07,HRDT,HIV test,"Standard Diagnostics, Inc.",SKU0019,"HIV 1/2, Bioline 3.0 Kit, Lancets, Capillary pipets, Alcohol swabs included, 25 Tests",Bioline,25,10000,200000,20,0.8,"Standard Diagnostics, Korea",3336,28837.28,320
8062,Tanzania,PMO - US,Direct Drop,EXW,Air,22-Jul-08,22-Jul-08,HRDT,HIV test,"Standard Diagnostics, Inc.",SKU0019,"HIV 1/2, Bioline 3.0 Kit, Lancets, Capillary pipets, Alcohol swabs included, 25 Tests",Bioline,25,10000,200000,20,0.8,"Standard Diagnostics, Korea",3122,22691.75,320
8100,Zimbabwe,PMO - US,Direct Drop,CIP,Air,10-Jan-08,10-Jan-08,HRDT,HIV test,Orasure Technologies Inc.,SKU0018,"HIV 1/2, OraQuick Advance HIV Rapid Antibody Kit, 100 Tests",OraQuick,100,5,1750,350,3.5,"Pacific Biotech, Thailand",Weight Captured Separately,Freight Included in Commodity Cost,2.8
8185,South Africa,PMO - US,Direct Drop,DDP,,29-Jan-08,29-Jan-08,ARV,Pediatric,"JSI R&T INSTITUTE, INC.",SKU0006,"Efavirenz 200mg [Stocrin/Sustiva], capsule, 90 Caps",Stocrin/Sustiva,90,60,2112,35.2,0.39,"MSD Midrand, J'burg, SA",Weight Captured Separately,Freight Included in Commodity Cost,3.38
8186,South Africa,PMO - US,Direct Drop,DDP,,29-Jan-08,29-Jan-08,ARV,Adult,"JSI R&T INSTITUTE, INC.",SKU0061,"Lamivudine 150mg [Epivir], tablets, 60 Tabs",Epivir,60,1500,9600,6.4,0.11,GSK Cape Town Factory (South Africa),Weight Captured Separately,Freight Included in Commodity Cost,15.36
8192,Rwanda,PMO - US,Direct Drop,CIP,Air,28-Apr-08,11-Mar-08,ARV,Adult,CIPLA LIMITED,SKU0044,"Lamivudine/Nevirapine/Stavudine 150/200/30mg, tablets, 60 Tabs",Generic,60,100000,700000,7,0.12,"Cipla, Goa, India",10303,35034.75,1120
8204,Botswana,PMO - US,Direct Drop,CIF,Air,27-Dec-07,27-Dec-07,HRDT,HIV test,Orasure Technologies Inc.,SKU0018,"HIV 1/2, OraQuick Advance HIV Rapid Antibody Kit, 100 Tests",OraQuick,100,5,1750,350,3.5,"Pacific Biotech, Thailand",Weight Captured Separately,Freight Included in Commodity Cost,2.8
8207,Rwanda,PMO - US,Direct Drop,CIP,Air,3-Jan-08,3-Jan-08,ARV,Adult,Aurobindo Pharma Limited,SKU0026,"Efavirenz 600mg, tablets, 30 Tabs",Generic,30,32510,381992.5,11.75,0.39,"Aurobindo Unit III, India",2791,28336.18,611.19
8209,Kazakhstan,PMO - US,Direct Drop,DDP,Air,23-Jan-08,23-Jan-08,HRDT,HIV test,Orasure Technologies Inc.,SKU0018,"HIV 1/2, OraQuick Advance HIV Rapid Antibody Kit, 100 Tests",OraQuick,100,50,17500,350,3.5,"Pacific Biotech, Thailand",Weight Captured Separately,Freight Included in Commodity Cost,28
8213,Nigeria,PMO - US,Direct Drop,DDP,,24-Jan-08,24-Jan-08,HRDT,HIV test,BUNDI INTERNATIONAL DIAGNOSTICS LTD,SKU0083,"HIV 1/2, Bundi Rapid HIV Kit, 25 Tests",Bundi,1,600,22500,37.5,37.5,Not Applicable,Weight Captured Separately,Freight Included in Commodity Cost,36
8218,Tanzania,PMO - US,Direct Drop,CIP,Air,8-May-08,8-May-08,ARV,Pediatric,BRISTOL-MYERS SQUIBB,SKU0015,"Didanosine 2g [Videx], powder for oral solution 10mg/ml, reconstitute to 200 ml",Videx,200,712,8964.08,12.59,0.06,"BMS Meymac, France",Weight Captured Separately,Freight Included in Commodity Cost,14.34
8231,Haiti,PMO - US,Direct Drop,EXW,Air,11-Nov-08,11-Nov-08,HRDT,HIV test,"Trinity Biotech, Plc",SKU0024,"HIV 1/2, Capillus HIV Kit, 100 Tests",Capillus,100,2,278,139,1.39,"Trinity Biotech, Plc",4,523.12,0.54
8232,Haiti,PMO - US,Direct Drop,EXW,Air,11-Feb-08,11-Feb-08,HRDT,HIV test,"Trinity Biotech, Plc",SKU0024,"HIV 1/2, Capillus HIV Kit, 100 Tests",Capillus,100,125,17375,139,1.39,"Trinity Biotech, Plc",92,1425.77,27.8
8258,South Africa,PMO - US,Direct Drop,DDP,,21-Jan-08,4-Jan-08,ARV,Adult,"JSI R&T INSTITUTE, INC.",SKU0057,"Lopinavir/Ritonavir 133.3/33.3mg [Kaletra], capsules, cool, 2 x 90 Caps",Kaletra,180,400,18460,46.15,0.26,ABBVIE (Abbott) Logis. UK,Weight Captured Separately,Freight Included in Commodity Cost,29.54
8263,Nigeria,PMO - US,Direct Drop,EXW,Air,19-Sep-08,20-Aug-08,HRDT,HIV test,"CHEMBIO DIAGNOSTIC SYSTEMS, INC.",SKU0016,"HIV 1/2, Stat-Pak HIV, Kit, 20 Tests",Stat-Pak,20,6520,176040,27,1.35,Chembio Diagnostics Sys. Inc.,2224,12768.47,281.66
8264,Nigeria,PMO - US,Direct Drop,EXW,Air,12-Mar-08,10-Mar-08,HRDT,HIV test - Ancillary,"Orgenics, Ltd",SKU0022,"HIV, Lancet, Safety, for HIV Test kits, 100 Pcs",Generic,100,6199,61.99,0.01,0,Inverness Japan,Weight Captured Separately,Invoiced Separately,0.1
8271,Benin,PMO - US,Direct Drop,EXW,Air,4-Mar-08,4-Mar-08,HRDT,HIV test,"Standard Diagnostics, Inc.",SKU0019,"HIV 1/2, Bioline 3.0 Kit, Lancets, Capillary pipets, Alcohol swabs included, 25 Tests",Bioline,25,232,4640,20,0.8,"Standard Diagnostics, Korea",70,1136.37,7.42
8315,Haiti,PMO - US,Direct Drop,EXW,Air,29-Mar-08,29-Mar-08,HRDT,HIV test,Orasure Technologies Inc.,SKU0018,"HIV 1/2, OraQuick Advance HIV Rapid Antibody Kit, 100 Tests",OraQuick,100,30,10500,350,3.5,"Pacific Biotech, Thailand",72,2556.61,16.8
8316,Côte d'Ivoire,PMO - US,Direct Drop,EXW,Air,18-Feb-09,18-Feb-09,HRDT,HIV test,"CHEMBIO DIAGNOSTIC SYSTEMS, INC.",SKU0016,"HIV 1/2, Stat-Pak HIV, Kit, 20 Tests",Stat-Pak,20,289,7803,27,1.35,Chembio Diagnostics Sys. Inc.,84,1550.95,15.29
8317,Mozambique,PMO - US,Direct Drop,EXW,Air,9-Jul-08,9-Jul-08,HRDT,HIV test - Ancillary,"Orgenics, Ltd",SKU0022,"HIV, Lancet, Safety, for HIV Test kits, 100 Pcs",Generic,100,3000,30,0.01,0,Inverness Japan,Weight Captured Separately,Invoiced Separately,0.05
8344,Kyrgyzstan,PMO - US,Direct Drop,DDP,Air,19-Sep-08,19-Sep-08,HRDT,HIV test,"Orgenics, Ltd",SKU0081,"HIV 1/2, DoubleCheck II Kit, 40 Tests",DoubleCheck,40,500,39500,79,1.98,Not Applicable,Weight Captured Separately,Freight Included in Commodity Cost,63.2
8378,Vietnam,PMO - US,Direct Drop,EXW,Air,17-Jul-08,17-Jul-08,ARV,Adult,MYLAN LABORATORIES LTD (FORMERLY MATRIX LABORATORIES),SKU0026,"Efavirenz 600mg, tablets, 30 Tabs",Generic,30,10080,115718.4,11.48,0.38,Mylan (formerly Matrix) Nashik,772,4408.29,185.15
8407,Nigeria,PMO - US,Direct Drop,EXW,Air,28-May-08,28-May-08,HRDT,HIV test,"Orgenics, Ltd",SKU0017,"HIV 1/2, Determine HIV Kit, without Lancets, 100 Tests",Determine,100,1130,90388.7,79.99,0.8,Inverness Japan,258,3748.24,144.62
8437,Botswana,PMO - US,Direct Drop,EXW,Air,31-Jul-08,31-Jul-08,HRDT,HIV test,"Orgenics, Ltd",SKU0017,"HIV 1/2, Determine HIV Kit, without Lancets, 100 Tests",Determine,100,100,7199,71.99,0.72,Inverness Japan,28,641.06,11.52
8438,Botswana,PMO - US,Direct Drop,EXW,Air,31-Jul-08,11-Jul-08,HRDT,HIV test - Ancillary,"Orgenics, Ltd",SKU0022,"HIV, Lancet, Safety, for HIV Test kits, 100 Pcs",Generic,100,100,1,0.01,0,Inverness Japan,Weight Captured Separately,Invoiced Separately,0
8440,Botswana,PMO - US,Direct Drop,EXW,Air,18-Nov-08,18-Nov-08,HRDT,HIV test,"Trinity Biotech, Plc",SKU0009,"HIV 1/2, Uni-Gold HIV Kit, 20 Tests",Uni-Gold,20,500,16000,32,1.6,"Trinity Biotech, Plc",166,1225.17,25.6
8459,Vietnam,PMO - US,Direct Drop,EXW,Air,6-Oct-08,6-Oct-08,ARV,Adult,CIPLA LIMITED,SKU0044,"Lamivudine/Nevirapine/Stavudine 150/200/30mg, tablets, 60 Tabs",Generic,60,9792,72460.8,7.4,0.12,"Cipla, Goa, India",836,5136.08,115.94
8460,Vietnam,PMO - US,Direct Drop,EXW,Air,19-Sep-08,19-Sep-08,ARV,Adult,Aurobindo Pharma Limited,SKU0007,"Nevirapine 200mg, tablets, 60 Tabs",Generic,60,3840,12326.4,3.21,0.05,"Aurobindo Unit III, India",See ASN-2277 (ID#:5793),See ASN-2277 (ID#:5793),19.72
8461,Vietnam,PMO - US,Direct Drop,EXW,Air,20-Sep-08,20-Sep-08,ARV,Adult,MYLAN LABORATORIES LTD (FORMERLY MATRIX LABORATORIES),SKU0014,"Zidovudine 300mg, tablets, 60 Tabs",Generic,60,432,3240,7.5,0.12,Mylan (formerly Matrix) Nashik,See ASN-2335 (ID#:5796),See ASN-2335 (ID#:5796),5.18
8462,Vietnam,PMO - US,Direct Drop,EXW,Air,19-Sep-08,19-Sep-08,ARV,Adult,MYLAN LABORATORIES LTD (FORMERLY MATRIX LABORATORIES),SKU0003,"Lamivudine 150mg, tablets, 60 Tabs",Generic,60,14364,37346.4,2.6,0.04,Mylan (formerly Matrix) Nashik,See ASN-2336 (ID#:530),See ASN-2336 (ID#:530),59.75
8463,South Africa,PMO - US,Direct Drop,DDP,Truck,20-Aug-08,8-May-08,ARV,Adult,S. BUYS WHOLESALER,SKU0075,"Stavudine 40mg [Zerit], capsules, 60 Caps",Zerit,60,100,517,5.17,0.09,"BMS Meymac, France",Weight Captured Separately,Freight Included in Commodity Cost,0.83
8464,South Africa,PMO - US,Direct Drop,DDP,Truck,20-Aug-08,8-May-08,ARV,Adult,S. BUYS WHOLESALER,SKU0032,"Didanosine EC 400mg [Videx EC], delayed-release capsules, Blister 3 x 10 Caps",Videx EC,30,80,1968,24.6,0.82,"BMS Meymac, France",Weight Captured Separately,Freight Included in Commodity Cost,3.15
8465,South Africa,PMO - US,Direct Drop,DDP,Truck,20-Aug-08,8-May-08,ARV,Pediatric,S. BUYS WHOLESALER,SKU0062,"Efavirenz 50mg [Stocrin/Sustiva], capsule, 30 Caps",Stocrin/Sustiva,30,240,717.6,2.99,0.1,"MSD Midrand, J'burg, SA",Weight Captured Separately,Freight Included in Commodity Cost,1.15
8470,Haiti,PMO - US,Direct Drop,EXW,Air,6-Jun-08,6-Jun-08,HRDT,HIV test,"Trinity Biotech, Plc",SKU0024,"HIV 1/2, Capillus HIV Kit, 100 Tests",Capillus,100,4,556,139,1.39,"Trinity Biotech, Plc",3,1808.19,0.89
8475,Haiti,PMO - US,Direct Drop,CIP,Air,20-Aug-08,20-Aug-08,HRDT,HIV test,Orasure Technologies Inc.,SKU0018,"HIV 1/2, OraQuick Advance HIV Rapid Antibody Kit, 100 Tests",OraQuick,100,54,18900,350,3.5,"Pacific Biotech, Thailand",Weight Captured Separately,Freight Included in Commodity Cost,30.24
8554,Zambia,PMO - US,Direct Drop,EXW,Air,18-Nov-08,18-Nov-08,HRDT,HIV test,"Standard Diagnostics, Inc.",SKU0019,"HIV 1/2, Bioline 3.0 Kit, Lancets, Capillary pipets, Alcohol swabs included, 25 Tests",Bioline,25,500,10000,20,0.8,"Standard Diagnostics, Korea",157,1754.04,19.6
8590,South Africa,PMO - US,Direct Drop,DDP,Truck,10-Jul-08,8-Jul-08,ARV,Pediatric,S. BUYS WHOLESALER,SKU0042,"Lopinavir/Ritonavir 80/20mg/ml [Kaletra], oral solution, cool, Bottle 5 x 60 ml",Kaletra,300,10,354.6,35.46,0.12,ABBVIE (Abbott) Logis. UK,Weight Captured Separately,Freight Included in Commodity Cost,0.57
8603,Vietnam,PMO - US,Direct Drop,FCA,Air,3-Dec-08,3-Dec-08,ARV,Adult,ABBVIE LOGISTICS (FORMERLY ABBOTT LOGISTICS BV),SKU0008,"Lopinavir/Ritonavir 200/50mg [Aluvia], tablets, 120 Tabs",Aluvia,120,1080,88776,82.2,0.68,ABBVIE Ludwigshafen Germany,259,2985.93,174
8604,Vietnam,PMO - US,Direct Drop,EXW,Air,24-Nov-08,24-Nov-08,ARV,Adult,Aurobindo Pharma Limited,SKU0058,"Abacavir 300mg, tablets, 60 Tabs",Generic,60,380,8930,23.5,0.39,"Aurobindo Unit III, India",See ASN-2809 (ID#:1955),See ASN-2809 (ID#:1955),17.5
8605,Vietnam,PMO - US,Direct Drop,EXW,Air,21-Nov-08,21-Nov-08,ARV,Adult,Aurobindo Pharma Limited,SKU0054,"Lamivudine/Nevirapine/Zidovudine 150/200/300mg, tablets, 60 Tabs",Generic,60,2200,25080,11.4,0.19,"Aurobindo Unit III, India",See ASN-2792 (ID#:5936),See ASN-2792 (ID#:5936),49.16
8616,Haiti,PMO - US,Direct Drop,FCA,Air,29-Sep-08,29-Sep-08,ARV,Pediatric,ABBVIE LOGISTICS (FORMERLY ABBOTT LOGISTICS BV),SKU0045,"Lopinavir/Ritonavir 100/25mg [Aluvia], tablets, 60 Tabs",Generic,60,20,205.6,10.28,0.17,ABBVIE Ludwigshafen Germany,19,658.68,0.33
8642,Ethiopia,PMO - US,Direct Drop,EXW,Air,7-Oct-08,6-Oct-08,HRDT,HIV test,"SHANGHAI KEHUA BIOENGINEERING CO.,LTD.  (KHB)",SKU0063,"HIV 1/2, SKB Colloidal Gold, Diagnostic Kit, Antibody, 50 Tests",Colloidal Gold,1,7002,161046,23,23,"KHB Test Kit Facility, Shanghai China",5057,44347.71,257.67
8645,South Africa,PMO - US,Direct Drop,DDP,Truck,25-Aug-08,14-Aug-08,ARV,Adult,S. BUYS WHOLESALER,SKU0026,"Efavirenz 600mg, tablets, 30 Tabs",Generic,30,1500,24300,16.2,0.54,"Cipla, Goa, India",Weight Captured Separately,Freight Included in Commodity Cost,38.88
8646,South Africa,PMO - US,Direct Drop,DDP,Truck,25-Aug-08,14-Aug-08,ARV,Pediatric,S. BUYS WHOLESALER,SKU0062,"Efavirenz 50mg [Stocrin/Sustiva], capsule, 30 Caps",Stocrin/Sustiva,30,200,572,2.86,0.1,"MSD Midrand, J'burg, SA",Weight Captured Separately,Freight Included in Commodity Cost,0.92
8648,Nigeria,PMO - US,Direct Drop,EXW,Air,15-Jan-09,20-Nov-08,HRDT,HIV test,"CHEMBIO DIAGNOSTIC SYSTEMS, INC.",SKU0016,"HIV 1/2, Stat-Pak HIV, Kit, 20 Tests",Stat-Pak,20,10594,286038,27,1.35,Chembio Diagnostics Sys. Inc.,3039,24025.77,560.63
9089,Haiti,PMO - US,Direct Drop,EXW,Air,31-Aug-09,31-Aug-09,HRDT,HIV test,"Trinity Biotech, Plc",SKU0024,"HIV 1/2, Capillus HIV Kit, 100 Tests",Capillus,100,150,20850,139,1.39,"Trinity Biotech, Plc",113,2486.15,40.87
8692,Nigeria,PMO - US,Direct Drop,CIP,Air,10-Mar-09,24-Nov-08,ARV,Adult,MERCK SHARP & DOHME IDEA GMBH (FORMALLY MERCK SHARP & DOHME B.V.),SKU0038,"Efavirenz/Emtricitabine/Tenofovir Disoproxil Fumarate 600/200/300mg [Atripla], tablets, 30 Tabs",Atripla,30,2000,100800,50.4,1.68,"MSD, Haarlem, NL",169,924.4,197.57
8693,Nigeria,PMO - US,Direct Drop,CIP,Air,10-Mar-09,10-Mar-09,ARV,Adult,MERCK SHARP & DOHME IDEA GMBH (FORMALLY MERCK SHARP & DOHME B.V.),SKU0038,"Efavirenz/Emtricitabine/Tenofovir Disoproxil Fumarate 600/200/300mg [Atripla], tablets, 30 Tabs",Atripla,30,3991,201146.4,50.4,1.68,"MSD, Haarlem, NL",Weight Captured Separately,Freight Included in Commodity Cost,394.25
8713,Botswana,PMO - US,Direct Drop,EXW,Air,20-Nov-08,20-Nov-08,HRDT,HIV test - Ancillary,Orasure Technologies Inc.,SKU0096,"#109435**HIV, OraQuick Controls Kit, 3 Vials",OraQuick,3,10,152.5,15.25,5.08,"Orasure Technologies, Inc USA",7,526.05,0.3
8714,Zambia,PMO - US,Direct Drop,EXW,Air,18-Mar-09,18-Mar-09,HRDT,HIV test - Ancillary,"Orgenics, Ltd",SKU0022,"HIV, Lancet, Safety, for HIV Test kits, 100 Pcs",Generic,100,5500,55,0.01,0,Inverness Japan,See ASN-3508 (ID#:3441),See ASN-3508 (ID#:3441),0.11
8735,Mozambique,PMO - US,Direct Drop,EXW,Air,14-Apr-09,14-Apr-09,HRDT,HIV test,"Orgenics, Ltd",SKU0002,"HIV 1/2, Determine Complete HIV Kit, 100 Tests",Determine,100,4800,345600,72,0.72,Inverness Japan,1417,13093.27,677.38
8737,Namibia,PMO - US,Direct Drop,EXW,Air,22-Dec-08,22-Dec-08,HRDT,HIV test,"Trinity Biotech, Plc",SKU0009,"HIV 1/2, Uni-Gold HIV Kit, 20 Tests",Uni-Gold,20,650,20800,32,1.6,"Trinity Biotech, Plc",278,7936.81,40.77
8738,Namibia,PMO - US,Direct Drop,EXW,Air,23-Jan-09,23-Jan-09,HRDT,HIV test,"Orgenics, Ltd",SKU0055,"HIV 1/2, Clearview Complete Kit, 25 Tests",Clearview,25,20,1500,75,3,Inverness USA,9,1153.43,2.94
8760,Namibia,PMO - US,Direct Drop,EXW,Air,14-Jan-09,14-Jan-09,HRDT,HIV test,"Trinity Biotech, Plc",SKU0009,"HIV 1/2, Uni-Gold HIV Kit, 20 Tests",Uni-Gold,20,35,1120,32,1.6,"Trinity Biotech, Plc",12,585.12,2.2
8770,Ethiopia,PMO - US,Direct Drop,EXW,Air,3-Dec-08,1-Dec-08,HRDT,HIV test,"SHANGHAI KEHUA BIOENGINEERING CO.,LTD.  (KHB)",SKU0063,"HIV 1/2, SKB Colloidal Gold, Diagnostic Kit, Antibody, 50 Tests",Colloidal Gold,1,3470,79810,23,23,"KHB Test Kit Facility, Shanghai China",2509,22803.8,156.43
8802,Tanzania,PMO - US,Direct Drop,EXW,Air,17-May-09,17-May-09,HRDT,HIV test,"Trinity Biotech, Plc",SKU0009,"HIV 1/2, Uni-Gold HIV Kit, 20 Tests",Uni-Gold,20,839,26848,32,1.6,"Trinity Biotech, Plc",277,3146.63,52.62
9034,South Africa,PMO - US,Direct Drop,DDP,Air,17-Jun-09,3-Apr-09,ARV,Adult,S. BUYS WHOLESALER,SKU0014,"Zidovudine 300mg, tablets, 60 Tabs",Generic,60,4023,46988.64,11.68,0.19,"Aurobindo Unit III, India",Weight Captured Separately,Freight Included in Commodity Cost,92.1
8803,Tanzania,PMO - US,Direct Drop,CIP,Air,15-Jun-09,15-Jun-09,ARV,Adult,MERCK SHARP & DOHME IDEA GMBH (FORMALLY MERCK SHARP & DOHME B.V.),SKU0038,"Efavirenz/Emtricitabine/Tenofovir Disoproxil Fumarate 600/200/300mg [Atripla], tablets, 30 Tabs",Atripla,30,2680,135072,50.4,1.68,"MSD, Haarlem, NL",See ASN-3853 (ID#:4824),See ASN-3853 (ID#:4824),264.74
8864,Tanzania,PMO - US,Direct Drop,FCA,Air,23-Feb-09,23-Feb-09,ARV,Adult,ABBVIE LOGISTICS (FORMERLY ABBOTT LOGISTICS BV),SKU0008,"Lopinavir/Ritonavir 200/50mg [Aluvia], tablets, 120 Tabs",Aluvia,120,12500,513750,41.1,0.34,ABBVIE Ludwigshafen Germany,3088,12937.16,1006.95
8892,Vietnam,PMO - US,Direct Drop,EXW,Air,9-Apr-09,9-Apr-09,ARV,Adult,MYLAN LABORATORIES LTD (FORMERLY MATRIX LABORATORIES),SKU0014,"Zidovudine 300mg, tablets, 60 Tabs",Generic,60,168,1260,7.5,0.12,Mylan (formerly Matrix) Nashik,9,2793.62,2.47
8893,Vietnam,PMO - US,Direct Drop,EXW,Air,27-Mar-09,27-Mar-09,ARV,Adult,CIPLA LIMITED,SKU0044,"Lamivudine/Nevirapine/Stavudine 150/200/30mg, tablets, 60 Tabs",Generic,60,24480,168912,6.9,0.12,"Cipla, Goa, India",2165,4443.97,331.07
8909,Botswana,PMO - US,Direct Drop,EXW,Air,3-Mar-09,3-Mar-09,HRDT,HIV test,Orasure Technologies Inc.,SKU0018,"HIV 1/2, OraQuick Advance HIV Rapid Antibody Kit, 100 Tests",OraQuick,100,5,1750,350,3.5,"Pacific Biotech, Thailand",12,810.85,3.43
8922,Tanzania,PMO - US,Direct Drop,FCA,Air,11-Aug-09,11-Aug-09,ARV,Adult,ABBVIE LOGISTICS (FORMERLY ABBOTT LOGISTICS BV),SKU0008,"Lopinavir/Ritonavir 200/50mg [Aluvia], tablets, 120 Tabs",Aluvia,120,60,2466,41.1,0.34,ABBVIE Ludwigshafen Germany,See ASN-4381 (ID#:4949),See ASN-4381 (ID#:4949),4.83
8989,Rwanda,PMO - US,Direct Drop,CIP,Air,21-Apr-09,21-Apr-09,ARV,Adult,CIPLA LIMITED,SKU0011,"Lamivudine/Zidovudine 150/300mg, tablets, 60 Tabs",Generic,60,22752,207043.2,9.1,0.15,"Cipla, Goa, India",2086,853.87,405.8
8996,Haiti,PMO - US,Direct Drop,FCA,Air,15-Apr-09,15-Apr-09,ARV,Pediatric,ABBVIE LOGISTICS (FORMERLY ABBOTT LOGISTICS BV),SKU0045,"Lopinavir/Ritonavir 100/25mg [Aluvia], tablets, 60 Tabs",Generic,60,14,143.92,10.28,0.17,ABBVIE Ludwigshafen Germany,7,810.36,0.28
9000,Haiti,PMO - US,Direct Drop,EXW,Air,21-Apr-09,21-Apr-09,ARV,Adult,MYLAN LABORATORIES LTD (FORMERLY MATRIX LABORATORIES),SKU0029,"Tenofovir Disoproxil Fumarate 300mg, tablets, 30 Tabs",Generic,30,560,5040,9,0.3,Mylan (formerly Matrix) Nashik,32050,806.55,9.88
9002,Haiti,PMO - US,Direct Drop,FCA,Air,20-Apr-09,20-Apr-09,ARV,Pediatric,ABBVIE LOGISTICS (FORMERLY ABBOTT LOGISTICS BV),SKU0042,"Lopinavir/Ritonavir 80/20mg/ml [Kaletra], oral solution, cool, Bottle 5 x 60 ml",Kaletra,300,50,2055,41.1,0.14,ABBVIE (Abbott) Logis. UK,99,2704.58,4.03
9022,South Africa,PMO - US,Direct Drop,DDP,Air,24-Mar-09,1-Dec-08,ARV,Pediatric,S. BUYS WHOLESALER,SKU0042,"Lopinavir/Ritonavir 80/20mg/ml [Kaletra], oral solution, cool, Bottle 5 x 60 ml",Kaletra,300,90,2834.1,31.49,0.1,ABBVIE (Abbott) Logis. UK,Weight Captured Separately,Freight Included in Commodity Cost,5.55
9023,South Africa,PMO - US,Direct Drop,DDP,Air,28-Apr-09,19-Dec-08,ARV,Adult,S. BUYS WHOLESALER,SKU0026,"Efavirenz 600mg, tablets, 30 Tabs",Generic,30,3710,60732.7,16.37,0.55,"Aurobindo Unit III, India",Weight Captured Separately,Freight Included in Commodity Cost,119.04
9024,South Africa,PMO - US,Direct Drop,DDP,Air,3-Apr-09,3-Apr-09,ARV,Adult,S. BUYS WHOLESALER,SKU0004,"Stavudine 30mg, capsules, 60 Caps",Generic,60,25637,63323.39,2.47,0.04,"Aurobindo Unit III, India",Weight Captured Separately,Freight Included in Commodity Cost,124.11
9025,South Africa,PMO - US,Direct Drop,DDP,Air,30-Jun-09,30-Jan-09,ARV,Adult,S. BUYS WHOLESALER,SKU0003,"Lamivudine 150mg, tablets, 60 Tabs",Generic,60,1200,6564,5.47,0.09,"Aurobindo Unit III, India",Weight Captured Separately,Freight Included in Commodity Cost,12.87
9026,South Africa,PMO - US,Direct Drop,DDP,Air,7-Jul-09,2-Feb-09,ARV,Adult,S. BUYS WHOLESALER,SKU0003,"Lamivudine 150mg, tablets, 60 Tabs",Generic,60,16000,85280,5.33,0.09,"Aurobindo Unit III, India",Weight Captured Separately,Freight Included in Commodity Cost,167.15
9032,South Africa,PMO - US,Direct Drop,DDP,Air,7-Apr-09,3-Dec-08,ARV,Pediatric,S. BUYS WHOLESALER,SKU0047,"Lamivudine 10mg/ml [Epivir], oral solution, Bottle, 240 ml",Epivir,240,2000,10380,5.19,0.02,GSK Mississauga (Canada),Weight Captured Separately,Freight Included in Commodity Cost,20.34
9033,South Africa,PMO - US,Direct Drop,DDP,Air,26-May-09,22-Jan-09,ARV,Pediatric,S. BUYS WHOLESALER,SKU0048,"Lamivudine 10mg/ml, oral solution, Bottle, 240 ml",Generic,240,1500,5445,3.63,0.02,"Aurobindo Unit III, India",Weight Captured Separately,Freight Included in Commodity Cost,10.67
9086,Zambia,PMO - US,Direct Drop,EXW,Air,23-Jul-09,23-Jul-09,HRDT,HIV test,"Orgenics, Ltd",SKU0002,"HIV 1/2, Determine Complete HIV Kit, 100 Tests",Determine,100,4500,324000,72,0.72,Inverness Japan,1330,11559.65,635.04
9036,South Africa,PMO - US,Direct Drop,DDP,Air,31-Mar-09,21-Nov-08,ARV,Adult,S. BUYS WHOLESALER,SKU0007,"Nevirapine 200mg, tablets, 60 Tabs",Generic,60,200,2998,14.99,0.25,"Cipla, Goa, India",Weight Captured Separately,Freight Included in Commodity Cost,5.88
9037,South Africa,PMO - US,Direct Drop,DDP,Air,31-Mar-09,21-Nov-08,ARV,Pediatric,S. BUYS WHOLESALER,SKU0006,"Efavirenz 200mg [Stocrin/Sustiva], capsule, 90 Caps",Stocrin/Sustiva,90,100,2454,24.54,0.27,"MSD Midrand, J'burg, SA",Weight Captured Separately,Freight Included in Commodity Cost,4.81
9038,South Africa,PMO - US,Direct Drop,DDP,Air,1-Apr-09,21-Nov-08,ARV,Pediatric,S. BUYS WHOLESALER,SKU0042,"Lopinavir/Ritonavir 80/20mg/ml [Kaletra], oral solution, cool, Bottle 5 x 60 ml",Kaletra,300,80,2388.8,29.86,0.1,ABBVIE (Abbott) Logis. UK,Weight Captured Separately,Freight Included in Commodity Cost,4.68
9090,Haiti,PMO - US,Direct Drop,EXW,Air,3-Jun-09,3-Jun-09,HRDT,HIV test,Orasure Technologies Inc.,SKU0018,"HIV 1/2, OraQuick Advance HIV Rapid Antibody Kit, 100 Tests",OraQuick,100,55,19250,350,3.5,"Pacific Biotech, Thailand",132,3013.19,37.73
9039,South Africa,PMO - US,Direct Drop,DDP,Air,30-Mar-09,21-Jan-09,ARV,Adult,S. BUYS WHOLESALER,SKU0008,"Lopinavir/Ritonavir 200/50mg [Aluvia], tablets, 120 Tabs",Aluvia,120,200,6182,30.91,0.26,ABBVIE Ludwigshafen Germany,Weight Captured Separately,Freight Included in Commodity Cost,12.12
9040,South Africa,PMO - US,Direct Drop,DDP,Air,30-Mar-09,21-Jan-09,ARV,Pediatric,S. BUYS WHOLESALER,SKU0020,"Zidovudine 10mg/ml [Retrovir], oral solution, Bottle, 200 ml",Retrovir,200,140,833,5.95,0.03,GSK Mississauga (Canada),Weight Captured Separately,Freight Included in Commodity Cost,1.63
9041,South Africa,PMO - US,Direct Drop,DDP,Air,30-Mar-09,21-Jan-09,ARV,Adult,S. BUYS WHOLESALER,SKU0053,"Emtricitabine/Tenofovir Disoproxil Fumarate 200/300mg [Truvada], tablets, 30 Tabs",Truvada,30,60,1813.2,30.22,1.01,"Aspen-OSD, Port Elizabeth, SA",Weight Captured Separately,Freight Included in Commodity Cost,3.55
9042,South Africa,PMO - US,Direct Drop,DDP,Air,30-Mar-09,21-Jan-09,ARV,Pediatric,S. BUYS WHOLESALER,SKU0035,"Nevirapine 10mg/ml [Viramune], oral suspension, Bottle, 240 ml",Viramune,240,30,323.4,10.78,0.04,"BI, Ingelheim, Germany",Weight Captured Separately,Freight Included in Commodity Cost,0.63
9043,South Africa,PMO - US,Direct Drop,DDP,Air,30-Mar-09,23-Jan-09,ARV,Adult,S. BUYS WHOLESALER,SKU0061,"Lamivudine 150mg [Epivir], tablets, 60 Tabs",Epivir,60,1200,6012,5.01,0.08,GSK Cape Town Factory (South Africa),Weight Captured Separately,Freight Included in Commodity Cost,11.78
9053,South Africa,PMO - US,Direct Drop,DDP,Air,25-Jun-09,17-Apr-09,ARV,Pediatric,S. BUYS WHOLESALER,SKU0040,"Didanosine 100mg [Videx],chewable tablets, 60 Tabs",Videx,60,2160,23133.6,10.71,0.18,"BMS Meymac, France",Weight Captured Separately,Freight Included in Commodity Cost,45.34
9054,South Africa,PMO - US,Direct Drop,DDP,Air,25-Jun-09,21-Apr-09,ARV,Adult,S. BUYS WHOLESALER,SKU0061,"Lamivudine 150mg [Epivir], tablets, 60 Tabs",Epivir,60,3000,16080,5.36,0.09,GSK Cape Town Factory (South Africa),Weight Captured Separately,Freight Included in Commodity Cost,31.52
9055,South Africa,PMO - US,Direct Drop,DDP,Air,25-Jun-09,15-Apr-09,ARV,Adult,S. BUYS WHOLESALER,SKU0067,"Nevirapine 200mg [Viramune], tablets, 60 Tabs",Viramune,60,6000,100560,16.76,0.28,"Boehringer Ing., Koropi, GR",Weight Captured Separately,Freight Included in Commodity Cost,197.1
9056,South Africa,PMO - US,Direct Drop,DDP,Air,25-Jun-09,16-Apr-09,ARV,Pediatric,S. BUYS WHOLESALER,SKU0040,"Didanosine 100mg [Videx],chewable tablets, 60 Tabs",Videx,60,6840,73256.4,10.71,0.18,"BMS Meymac, France",Weight Captured Separately,Freight Included in Commodity Cost,143.58
9078,South Africa,PMO - US,Direct Drop,DDP,Truck,31-Jul-09,21-Apr-09,ARV,Adult,S. BUYS WHOLESALER,SKU0056,"Ritonavir 100mg [Norvir], capsules, cool, 84 Caps",Norvir,84,10,84,8.4,0.1,ABBVIE (Abbott) Logis. UK,Weight Captured Separately,Freight Included in Commodity Cost,0.16
9080,South Africa,PMO - US,Direct Drop,DDP,Truck,15-May-09,15-May-09,ARV,Adult,S. BUYS WHOLESALER,SKU0032,"Didanosine EC 400mg [Videx EC], delayed-release capsules, Blister 3 x 10 Caps",Videx EC,30,80,1502.4,18.78,0.63,"BMS Meymac, France",Weight Captured Separately,Freight Included in Commodity Cost,2.94
9081,South Africa,PMO - US,Direct Drop,DDP,Truck,15-May-09,23-Apr-09,ARV,Pediatric,S. BUYS WHOLESALER,SKU0005,"Zidovudine 10mg/ml, oral solution, Bottle, 240 ml",Generic,240,200,1208,6.04,0.03,"Aurobindo Unit III, India",See ASN-4332 (ID#:1115),See ASN-4332 (ID#:1115),2.37
9085,Côte d'Ivoire,PMO - US,Direct Drop,EXW,Air,1-Jul-09,1-Jul-09,HRDT,HIV test,"Standard Diagnostics, Inc.",SKU0019,"HIV 1/2, Bioline 3.0 Kit, Lancets, Capillary pipets, Alcohol swabs included, 25 Tests",Bioline,25,500,10000,20,0.8,"Standard Diagnostics, Korea",136,2094.08,19.6
9088,Haiti,PMO - US,Direct Drop,EXW,Air,24-Apr-09,24-Apr-09,HRDT,HIV test,"Trinity Biotech, Plc",SKU0024,"HIV 1/2, Capillus HIV Kit, 100 Tests",Capillus,100,150,20850,139,1.39,"Trinity Biotech, Plc",105,1894.41,40.87
9093,Nigeria,PMO - US,Direct Drop,FCA,Air,20-May-09,20-May-09,ARV,Adult,ABBVIE LOGISTICS (FORMERLY ABBOTT LOGISTICS BV),SKU0008,"Lopinavir/Ritonavir 200/50mg [Aluvia], tablets, 120 Tabs",Aluvia,120,159,6534.9,41.1,0.34,ABBVIE Ludwigshafen Germany,See ASN-3984 (ID#:2499),See ASN-3984 (ID#:2499),12.81
9095,Kenya,PMO - US,Direct Drop,EXW,Air,10-Jul-09,28-Aug-09,HRDT,HIV test,"Orgenics, Ltd",SKU0002,"HIV 1/2, Determine Complete HIV Kit, 100 Tests",Determine,100,7500,600000,80,0.8,Inverness Japan,2215,17974.69,1176
9096,Kenya,PMO - US,Direct Drop,EXW,Air,20-May-09,20-May-09,HRDT,HIV test,"Standard Diagnostics, Inc.",SKU0086,"HIV 1/2, Bioline 3.0 Kit, (no accessories), 30 Tests",Bioline,30,5000,120000,24,0.8,"Standard Diagnostics, Korea",1558,11653.64,235.2
9100,Nigeria,PMO - US,Direct Drop,EXW,Air,24-Jun-09,8-Jun-09,HRDT,HIV test,"Orgenics, Ltd",SKU0002,"HIV 1/2, Determine Complete HIV Kit, 100 Tests",Determine,100,1500,120000,80,0.8,Inverness Japan,445,7120,235.2
9145,Namibia,PMO - US,Direct Drop,EXW,Air,5-Jun-09,5-Jun-09,HRDT,HIV test,"Trinity Biotech, Plc",SKU0009,"HIV 1/2, Uni-Gold HIV Kit, 20 Tests",Uni-Gold,20,600,19200,32,1.6,"Trinity Biotech, Plc",205,6148.29,37.63
9151,Vietnam,PMO - US,Direct Drop,EXW,Air,11-Jul-09,11-Jul-09,ARV,Adult,CIPLA LIMITED,SKU0044,"Lamivudine/Nevirapine/Stavudine 150/200/30mg, tablets, 60 Tabs",Generic,60,19392,130896,6.75,0.11,"Cipla, Goa, India",1899,5209.46,256.56
9154,Vietnam,PMO - US,Direct Drop,EXW,Air,10-Jul-09,10-Jul-09,ARV,Adult,Aurobindo Pharma Limited,SKU0003,"Lamivudine 150mg, tablets, 60 Tabs",Generic,60,6000,14400,2.4,0.04,"Aurobindo Unit III, India",See ASN-4419 (ID#:3851),See ASN-4419 (ID#:3851),28.22
9173,Namibia,PMO - US,Direct Drop,EXW,Air,8-Jun-09,8-Jun-09,ARV,Pediatric,Aurobindo Pharma Limited,SKU0076,"Stavudine 1mg/ml, powder for oral solution, 200 ml",Generic,200,800,1072,1.34,0.01,"Aurobindo Unit III, India",98,1770.43,2.1
9179,Botswana,PMO - US,Direct Drop,EXW,Air,19-Jun-09,19-Jun-09,HRDT,HIV test,"Trinity Biotech, Plc",SKU0009,"HIV 1/2, Uni-Gold HIV Kit, 20 Tests",Uni-Gold,20,75,2400,32,1.6,"Trinity Biotech, Plc",25,808,4.7
9187,Vietnam,PMO - US,Direct Drop,CIP,Air,23-Jul-09,23-Jul-09,ARV,Pediatric,BRISTOL-MYERS SQUIBB,SKU0028,"Didanosine 25mg [Videx], chewable tablets, 60 Tabs",Videx,60,80,560,7,0.12,"BMS Meymac, France",Weight Captured Separately,Freight Included in Commodity Cost,1.1
9200,South Africa,PMO - US,Direct Drop,DDP,Truck,12-Oct-09,21-Jul-09,ARV,Adult,S. BUYS WHOLESALER,SKU0026,"Efavirenz 600mg, tablets, 30 Tabs",Generic,30,1000,17020,17.02,0.57,"Cipla, Goa, India",Weight Captured Separately,Freight Included in Commodity Cost,33.36
9201,South Africa,PMO - US,Direct Drop,DDP,Truck,12-Oct-09,21-Jul-09,ARV,Adult,S. BUYS WHOLESALER,SKU0053,"Emtricitabine/Tenofovir Disoproxil Fumarate 200/300mg [Truvada], tablets, 30 Tabs",Truvada,30,260,10670.4,41.04,1.37,"Aspen-OSD, Port Elizabeth, SA",Weight Captured Separately,Freight Included in Commodity Cost,20.91
9202,South Africa,PMO - US,Direct Drop,DDP,Truck,12-Oct-09,8-Oct-09,ARV,Pediatric,S. BUYS WHOLESALER,SKU0076,"Stavudine 1mg/ml, powder for oral solution, 200 ml",Generic,200,1200,2796,2.33,0.01,"Aurobindo Unit III, India",Weight Captured Separately,Freight Included in Commodity Cost,6.03
9225,Nigeria,PMO - US,Direct Drop,FCA,Air,3-Sep-09,3-Sep-09,ARV,Adult,ABBVIE LOGISTICS (FORMERLY ABBOTT LOGISTICS BV),SKU0008,"Lopinavir/Ritonavir 200/50mg [Aluvia], tablets, 120 Tabs",Aluvia,120,5000,205500,41.1,0.34,ABBVIE Ludwigshafen Germany,1246,10490.77,402.78
9243,Côte d'Ivoire,PMO - US,Direct Drop,EXW,Air,10-Oct-06,10-Oct-06,HRDT,HIV test,BIO-RAD LABORATORIES (FRANCE),SKU0025,"#108853** HIV, Genie II HIV-1/HIV-2 Kit, 40 Tests",Genie,40,733,55231.55,75.35,1.88,Bio-Rad Laboratories,783,7079.25,
9252,Zambia,PMO - US,Direct Drop,EXW,Air,30-Sep-06,30-Sep-06,HRDT,HIV test,Abbott GmbH & Co. KG,SKU0002,"HIV 1/2, Determine Complete HIV Kit, 100 Tests",Determine,100,1250,100000,80,0.8,ABBVIE GmbH & Co.KG Wiesbaden,428,2829.61,
9253,Haiti,PMO - US,Direct Drop,EXW,Air,18-Oct-06,18-Oct-06,HRDT,HIV test,Abbott GmbH & Co. KG,SKU0002,"HIV 1/2, Determine Complete HIV Kit, 100 Tests",Determine,100,500,40000,80,0.8,ABBVIE GmbH & Co.KG Wiesbaden,169,1215.84,
9255,Vietnam,PMO - US,Direct Drop,EXW,Air,3-Oct-06,3-Oct-06,ARV,Adult,Aurobindo Pharma Limited,SKU0058,"Abacavir 300mg, tablets, 60 Tabs",Generic,60,1000,44500,44.5,0.74,"Aurobindo Unit III, India",91,7878.06,
9279,Uganda,PMO - US,Direct Drop,EXW,Air,21-Dec-06,21-Dec-06,ARV,Adult,Aurobindo Pharma Limited,SKU0026,"Efavirenz 600mg, tablets, 30 Tabs",Generic,30,5080,85090,16.75,0.56,"Aurobindo Unit III, India",See ASN-127 (ID#:3955),See ASN-127 (ID#:3955),
9280,Zambia,PMO - US,Direct Drop,EXW,Air,20-Dec-06,20-Dec-06,ARV,Adult,Aurobindo Pharma Limited,SKU0011,"Lamivudine/Zidovudine 150/300mg, tablets, 60 Tabs",Generic,60,38534,423874,11,0.18,"Aurobindo Unit III, India",See ASN-123 (ID#:2685),See ASN-123 (ID#:2685),
9316,Nigeria,PMO - US,Direct Drop,EXW,Air,6-Aug-07,6-Aug-07,HRDT,HIV test,Abbott GmbH & Co. KG,SKU0002,"HIV 1/2, Determine Complete HIV Kit, 100 Tests",Determine,100,3500,280000,80,0.8,ABBVIE GmbH & Co.KG Wiesbaden,1192,10879.22,448
9321,Côte d'Ivoire,PMO - US,Direct Drop,CIP,Air,2-Oct-07,2-Oct-07,ARV,Adult,BRISTOL-MYERS SQUIBB,SKU0030,"Stavudine 20mg [Zerit], capsules, 60 Caps",Zerit,60,1389,7833.96,5.64,0.09,"BMS Meymac, France",Weight Captured Separately,Freight Included in Commodity Cost,12.53
9331,Vietnam,PMO - US,Direct Drop,EXW,Air,2-Oct-07,2-Oct-07,ARV,Adult,Aurobindo Pharma Limited,SKU0054,"Lamivudine/Nevirapine/Zidovudine 150/200/300mg, tablets, 60 Tabs",Generic,60,7000,94500,13.5,0.22,"Aurobindo Unit III, India",See ASN-737 (ID#:2765),See ASN-737 (ID#:2765),151.2
9351,Tanzania,PMO - US,Direct Drop,EXW,Air,22-Nov-07,22-Nov-07,HRDT,HIV test,"Standard Diagnostics, Inc.",SKU0019,"HIV 1/2, Bioline 3.0 Kit, Lancets, Capillary pipets, Alcohol swabs included, 25 Tests",Bioline,25,10000,200000,20,0.8,"Standard Diagnostics, Korea",3345,29470,320
9352,Tanzania,PMO - US,Direct Drop,EXW,Air,22-Jul-08,22-Jul-08,HRDT,HIV test,"Standard Diagnostics, Inc.",SKU0019,"HIV 1/2, Bioline 3.0 Kit, Lancets, Capillary pipets, Alcohol swabs included, 25 Tests",Bioline,25,10000,200000,20,0.8,"Standard Diagnostics, Korea",3110,22663.18,320
9353,Botswana,PMO - US,Direct Drop,EXW,Air,31-Aug-07,31-Aug-07,HRDT,HIV test,Orasure Technologies Inc.,SKU0018,"HIV 1/2, OraQuick Advance HIV Rapid Antibody Kit, 100 Tests",OraQuick,100,10,3500,350,3.5,"Pacific Biotech, Thailand",24,1091.64,5.6
9366,Vietnam,PMO - US,Direct Drop,EXW,Air,6-Dec-07,6-Dec-07,ARV,Pediatric,Aurobindo Pharma Limited,SKU0082,"Didanosine 100mg, chewable/dispersible tablets, 60 Tabs",Generic,60,1300,10075,7.75,0.13,"Aurobindo Unit III, India",270,3850.43,16.12
9389,Guyana,PMO - US,Direct Drop,EXW,Air,5-Oct-07,5-Oct-07,HRDT,HIV test,"CHEMBIO DIAGNOSTIC SYSTEMS, INC.",SKU0016,"HIV 1/2, Stat-Pak HIV, Kit, 20 Tests",Stat-Pak,20,120,3240,27,1.35,Chembio Diagnostics Sys. Inc.,35,379.62,5.18
9390,Zimbabwe,PMO - US,Direct Drop,EXW,Air,9-Oct-07,9-Oct-07,HRDT,HIV test,Orasure Technologies Inc.,SKU0018,"HIV 1/2, OraQuick Advance HIV Rapid Antibody Kit, 100 Tests",OraQuick,100,10,3500,350,3.5,"Pacific Biotech, Thailand",24,536.08,5.6
9422,Rwanda,PMO - US,Direct Drop,EXW,Air,16-Nov-07,16-Nov-07,HRDT,HIV test,Premier Medical Corporation Ltd.,SKU0013,"HIV 1/2/O, First Response HIV 1-2.0, v.3.0 Cards Kit, 30 Tests",First Response,30,3991,65851.5,16.5,0.55,Premier Med. Corp Ltd. India,1150,9898.8,105.36
9487,Rwanda,PMO - US,Direct Drop,EXW,Air,18-Jan-08,18-Jan-08,HRDT,HIV test,"Trinity Biotech, Plc",SKU0024,"HIV 1/2, Capillus HIV Kit, 100 Tests",Capillus,100,463,64357,139,1.39,"Trinity Biotech, Plc",450,4360.83,102.97
9488,Rwanda,PMO - US,Direct Drop,EXW,Air,18-Jan-08,18-Jan-08,HRDT,HIV test,"Trinity Biotech, Plc",SKU0024,"HIV 1/2, Capillus HIV Kit, 100 Tests",Capillus,100,300,41700,139,1.39,"Trinity Biotech, Plc",See ASN-1085 (ID#:9487),See ASN-1085 (ID#:9487),66.72
9489,Vietnam,PMO - US,Direct Drop,EXW,Air,22-Jan-08,25-Jan-08,ARV,Adult,SUN PHARMACEUTICAL INDUSTRIES LTD (RANBAXY LABORATORIES LIMITED),SKU0014,"Zidovudine 300mg, tablets, 60 Tabs",Generic,60,600,5028,8.38,0.14,"Ranbaxy, Paonta Shahib, India",34,2127.22,8.04
9499,Rwanda,PMO - US,Direct Drop,CIP,Air,3-Jan-08,3-Jan-08,ARV,Adult,Aurobindo Pharma Limited,SKU0026,"Efavirenz 600mg, tablets, 30 Tabs",Generic,30,48259,567043.25,11.75,0.39,"Aurobindo Unit III, India",4143,19088.86,907.27
9530,Haiti,PMO - US,Direct Drop,EXW,Air,6-Jul-09,6-Jul-09,HRDT,HIV test,"Trinity Biotech, Plc",SKU0024,"HIV 1/2, Capillus HIV Kit, 100 Tests",Capillus,100,3,417,139,1.39,"Trinity Biotech, Plc",2,1800.33,0.82
9531,Haiti,PMO - US,Direct Drop,EXW,Air,23-Jan-08,23-Jan-08,HRDT,HIV test,"Orgenics, Ltd",SKU0017,"HIV 1/2, Determine HIV Kit, without Lancets, 100 Tests",Determine,100,1000,70000,70,0.7,Inverness Japan,228,4829.61,112
9536,Haiti,PMO - US,Direct Drop,EXW,Air,18-Feb-08,18-Feb-08,HRDT,HIV test,"Trinity Biotech, Plc",SKU0024,"HIV 1/2, Capillus HIV Kit, 100 Tests",Capillus,100,2,278,139,1.39,"Trinity Biotech, Plc",Weight Captured Separately,Invoiced Separately,0.44
9550,Ethiopia,PMO - US,Direct Drop,EXW,Air,4-Mar-08,4-Mar-08,ARV,Adult,ASPEN PHARMACARE,SKU0021,"Tenofovir Disoproxil Fumarate 300mg [Viread], tablets, 30 Tabs",Viread,30,780,7.8,0.01,0,"Aspen-OSD, Port Elizabeth, SA",See ASN-1329 (ID#:6896),See ASN-1329 (ID#:6896),0.01
9564,South Africa,PMO - US,Direct Drop,DDP,,21-Jan-08,25-Apr-08,ARV,Pediatric,"JSI R&T INSTITUTE, INC.",SKU0015,"Didanosine 2g [Videx], powder for oral solution 10mg/ml, reconstitute to 200 ml",Videx,200,4,57.92,14.48,0.07,"BMS Meymac, France",Weight Captured Separately,Freight Included in Commodity Cost,0.09
9565,South Africa,PMO - US,Direct Drop,DDP,,21-Jan-08,21-Jan-08,ARV,Adult,"JSI R&T INSTITUTE, INC.",SKU0074,"Stavudine 30mg [Zerit], capsules, 60 Caps",Zerit,60,2500,14325,5.73,0.1,"BMS Meymac, France",Weight Captured Separately,Freight Included in Commodity Cost,22.92
9566,South Africa,PMO - US,Direct Drop,DDP,,21-Jan-08,4-Jan-08,ARV,Pediatric,"JSI R&T INSTITUTE, INC.",SKU0006,"Efavirenz 200mg [Stocrin/Sustiva], capsule, 90 Caps",Stocrin/Sustiva,90,100,3297,32.97,0.37,"MSD Midrand, J'burg, SA",Weight Captured Separately,Freight Included in Commodity Cost,5.28
9567,South Africa,PMO - US,Direct Drop,DDP,,21-Jan-08,4-Jan-08,ARV,Adult,"JSI R&T INSTITUTE, INC.",SKU0021,"Tenofovir Disoproxil Fumarate 300mg [Viread], tablets, 30 Tabs",Viread,30,150,3838.5,25.59,0.85,"Aspen-OSD, Port Elizabeth, SA",Weight Captured Separately,Freight Included in Commodity Cost,6.14
9578,Haiti,PMO - US,Direct Drop,EXW,Air,18-Feb-08,18-Feb-08,HRDT,HIV test,"Trinity Biotech, Plc",SKU0024,"HIV 1/2, Capillus HIV Kit, 100 Tests",Capillus,100,250,34750,139,1.39,"Trinity Biotech, Plc",Weight Captured Separately,Invoiced Separately,55.6
9579,Nigeria,PMO - US,Direct Drop,EXW,Air,21-Apr-08,21-Apr-08,HRDT,HIV test,"CHEMBIO DIAGNOSTIC SYSTEMS, INC.",SKU0016,"HIV 1/2, Stat-Pak HIV, Kit, 20 Tests",Stat-Pak,20,7719,208413,27,1.35,Chembio Diagnostics Sys. Inc.,2502,15636.7,333.46
9585,Mozambique,PMO - US,Direct Drop,EXW,Air,17-Oct-08,17-Oct-08,HRDT,HIV test,"Trinity Biotech, Plc",SKU0009,"HIV 1/2, Uni-Gold HIV Kit, 20 Tests",Uni-Gold,20,5300,169600,32,1.6,"Trinity Biotech, Plc",1796,32437.45,271.36
9603,South Africa,PMO - US,Direct Drop,DDP,Truck,5-Feb-08,21-Jan-08,ARV,Adult,"JSI R&T INSTITUTE, INC.",SKU0074,"Stavudine 30mg [Zerit], capsules, 60 Caps",Zerit,60,600,3426,5.71,0.1,"BMS Meymac, France",Weight Captured Separately,Freight Included in Commodity Cost,5.48
9628,Guyana,PMO - US,Direct Drop,EXW,Air,9-Apr-08,9-Apr-08,HRDT,HIV test,"Orgenics, Ltd",SKU0017,"HIV 1/2, Determine HIV Kit, without Lancets, 100 Tests",Determine,100,240,17277.6,71.99,0.72,Inverness Japan,55,1442.92,27.64
10809,Rwanda,PMO - US,From RDC,N/A - From RDC,Air,1-Feb-07,1-Feb-07,ARV,Adult,SCMS from RDC,SKU0058,"Abacavir 300mg, tablets, 60 Tabs",Generic,60,600,21480,35.8,0.6,"Aurobindo Unit III, India",55,913.15,
9629,Ethiopia,PMO - US,Direct Drop,EXW,Air,17-Apr-08,17-Apr-08,HRDT,HIV test,"SHANGHAI KEHUA BIOENGINEERING CO.,LTD.  (KHB)",SKU0063,"HIV 1/2, SKB Colloidal Gold, Diagnostic Kit, Antibody, 50 Tests",Colloidal Gold,1,1044,24012,23,23,"KHB Test Kit Facility, Shanghai China",754,6267.38,38.42
9639,Haiti,PMO - US,Direct Drop,EXW,Air,9-May-08,9-May-08,HRDT,HIV test,"Orgenics, Ltd",SKU0017,"HIV 1/2, Determine HIV Kit, without Lancets, 100 Tests",Determine,100,955,63985,67,0.67,Inverness Japan,164,1802.14,102.38
9640,Guyana,PMO - US,Direct Drop,EXW,Air,6-May-08,6-May-08,HRDT,HIV test,"Trinity Biotech, Plc",SKU0009,"HIV 1/2, Uni-Gold HIV Kit, 20 Tests",Uni-Gold,20,748,23936,32,1.6,"Trinity Biotech, Plc",748,3740.04,38.3
9655,South Africa,PMO - US,Direct Drop,DDP,Truck,24-Apr-08,24-Apr-08,ARV,Pediatric,S. BUYS WHOLESALER,SKU0006,"Efavirenz 200mg [Stocrin/Sustiva], capsule, 90 Caps",Stocrin/Sustiva,90,80,2252,28.15,0.31,"MSD Midrand, J'burg, SA",Weight Captured Separately,Freight Included in Commodity Cost,3.6
9656,South Africa,PMO - US,Direct Drop,DDP,Truck,24-Apr-08,24-Apr-08,ARV,Adult,S. BUYS WHOLESALER,SKU0056,"Ritonavir 100mg [Norvir], capsules, cool, 84 Caps",Norvir,84,10,91.9,9.19,0.11,ABBVIE (Abbott) Logis. UK,Weight Captured Separately,Freight Included in Commodity Cost,0.15
9657,South Africa,PMO - US,Direct Drop,DDP,Truck,24-Apr-08,24-Apr-08,ARV,Adult,S. BUYS WHOLESALER,SKU0074,"Stavudine 30mg [Zerit], capsules, 60 Caps",Zerit,60,1000,4890,4.89,0.08,"BMS Meymac, France",Weight Captured Separately,Freight Included in Commodity Cost,7.82
9658,South Africa,PMO - US,Direct Drop,DDP,Truck,24-Apr-08,24-Apr-08,ARV,Pediatric,S. BUYS WHOLESALER,SKU0062,"Efavirenz 50mg [Stocrin/Sustiva], capsule, 30 Caps",Stocrin/Sustiva,30,200,596,2.98,0.1,"MSD Midrand, J'burg, SA",Weight Captured Separately,Freight Included in Commodity Cost,0.95
9669,Vietnam,PMO - US,Direct Drop,EXW,Air,14-Jul-08,14-Jul-08,ARV,Pediatric,Aurobindo Pharma Limited,SKU0082,"Didanosine 100mg, chewable/dispersible tablets, 60 Tabs",Generic,60,360,2790,7.75,0.13,"Aurobindo Unit III, India",See ASN-2017 (ID#:5701),See ASN-2017 (ID#:5701),4.46
9673,Vietnam,PMO - US,Direct Drop,EXW,Air,2-Jun-08,2-Jun-08,ARV,Pediatric,Aurobindo Pharma Limited,SKU0065,"Zidovudine 100mg, capsules, 100 Caps",Generic,100,1400,7686,5.49,0.05,"Aurobindo Unit III, India",106,2869.03,12.3
9675,Vietnam,PMO - US,Direct Drop,EXW,Air,18-Jul-08,18-Jul-08,ARV,Adult,MYLAN LABORATORIES LTD (FORMERLY MATRIX LABORATORIES),SKU0026,"Efavirenz 600mg, tablets, 30 Tabs",Generic,30,10080,115718.4,11.48,0.38,Mylan (formerly Matrix) Nashik,772,5893.08,185.15
9676,Vietnam,PMO - US,Direct Drop,EXW,Air,18-Jul-08,2-Jun-08,ARV,Adult,MYLAN LABORATORIES LTD (FORMERLY MATRIX LABORATORIES),SKU0029,"Tenofovir Disoproxil Fumarate 300mg, tablets, 30 Tabs",Generic,30,2016,27538.56,13.66,0.46,Mylan (formerly Matrix) Nashik,122,2867.81,44.06
9694,South Africa,PMO - US,Direct Drop,DDP,,25-Apr-08,7-Apr-08,ARV,Adult,S. BUYS WHOLESALER,SKU0032,"Didanosine EC 400mg [Videx EC], delayed-release capsules, Blister 3 x 10 Caps",Videx EC,30,100,2386,23.86,0.8,"BMS Meymac, France",Weight Captured Separately,Freight Included in Commodity Cost,3.82
9749,Vietnam,PMO - US,Direct Drop,FCA,Air,16-Nov-08,16-Nov-08,ARV,Adult,ABBVIE LOGISTICS (FORMERLY ABBOTT LOGISTICS BV),SKU0008,"Lopinavir/Ritonavir 200/50mg [Aluvia], tablets, 120 Tabs",Aluvia,120,1480,121656,82.2,0.68,ABBVIE Ludwigshafen Germany,370,2652.33,194.65
9750,Vietnam,PMO - US,Direct Drop,EXW,Air,20-Sep-08,20-Sep-08,ARV,Adult,MYLAN LABORATORIES LTD (FORMERLY MATRIX LABORATORIES),SKU0026,"Efavirenz 600mg, tablets, 30 Tabs",Generic,30,5040,51609.6,10.24,0.34,Mylan (formerly Matrix) Nashik,See ASN-2335 (ID#:5796),See ASN-2335 (ID#:5796),82.58
9751,South Africa,PMO - US,Direct Drop,DDP,Truck,20-Aug-08,8-May-08,ARV,Pediatric,S. BUYS WHOLESALER,SKU0006,"Efavirenz 200mg [Stocrin/Sustiva], capsule, 90 Caps",Stocrin/Sustiva,90,80,2572,32.15,0.36,"MSD Midrand, J'burg, SA",Weight Captured Separately,Freight Included in Commodity Cost,4.12
9752,South Africa,PMO - US,Direct Drop,DDP,Truck,20-Aug-08,14-May-08,ARV,Adult,S. BUYS WHOLESALER,SKU0053,"Emtricitabine/Tenofovir Disoproxil Fumarate 200/300mg [Truvada], tablets, 30 Tabs",Truvada,30,20,765,38.25,1.27,Gilead(Nycomed) Oranienburg DE,Weight Captured Separately,Freight Included in Commodity Cost,1.22
9753,South Africa,PMO - US,Direct Drop,DDP,Truck,20-Aug-08,14-May-08,ARV,Adult,S. BUYS WHOLESALER,SKU0027,"Saquinavir 200mg [Invirase], capsules, 270 Caps",Invirase,270,4,285.52,71.38,0.26,Roche Basel,Weight Captured Separately,Freight Included in Commodity Cost,0.46
9804,Ethiopia,PMO - US,Direct Drop,EXW,Air,13-Aug-08,13-Aug-08,ANTM,Malaria,MISSIONPHARMA A/S,SKU0097,"Primaquine 15mg base (as diphosphate), tablets, 1000 Tabs",Generic,1000,32,1434.88,44.84,0.04,"Weifa A.S., Hausmanngt. 6, P.O. Box 9113 GrÃ¸nland, 0133, Oslo, Norway",7,399.18,2.3
9815,Zimbabwe,PMO - US,Direct Drop,EXW,Air,22-Jan-09,22-Jan-09,HRDT,HIV test - Ancillary,"Orgenics, Ltd",SKU0022,"HIV, Lancet, Safety, for HIV Test kits, 100 Pcs",Generic,100,1396,13.96,0.01,0,Inverness Japan,See ASN-2997 (ID#:5860),See ASN-2997 (ID#:5860),0.03
9836,Rwanda,PMO - US,Direct Drop,CIP,Air,23-Sep-08,23-Sep-08,ARV,Adult,HETERO LABS LIMITED,SKU0026,"Efavirenz 600mg, tablets, 30 Tabs",Generic,30,83400,931578,11.17,0.37,Hetero Unit III Hyderabad IN,6701,87692.85,1490.52
9841,Nigeria,PMO - US,Direct Drop,EXW,Air,5-Aug-08,5-Aug-08,ACT,ACT,IDA FOUNDATION,SKU0034,"Artemether/Lumefantrine 20/120mg [Coartem], scored tablets, Blister 30 x 18 Tabs",Coartem,540,34,1547.68,45.52,0.08,"Novartis Pharma AG, Switzerland",159,1976.57,2.48
9842,Nigeria,PMO - US,Direct Drop,EXW,Air,5-Aug-08,5-Aug-08,ACT,ACT,IDA FOUNDATION,SKU0034,"Artemether/Lumefantrine 20/120mg [Coartem], scored tablets, Blister 30 x 18 Tabs",Coartem,540,34,1547.68,45.52,0.08,"Novartis Pharma AG, Switzerland",See ASN-2106 (ID#:9841),See ASN-2106 (ID#:9841),2.48
9860,South Africa,PMO - US,Direct Drop,DDP,Truck,10-Jul-08,14-Jul-08,ARV,Adult,S. BUYS WHOLESALER,SKU0061,"Lamivudine 150mg [Epivir], tablets, 60 Tabs",Epivir,60,1000,5310,5.31,0.09,GSK Cape Town Factory (South Africa),Weight Captured Separately,Freight Included in Commodity Cost,8.5
10155,Guyana,PMO - US,Direct Drop,EXW,Air,30-Jan-09,30-Jan-09,HRDT,HIV test,"Trinity Biotech, Plc",SKU0009,"HIV 1/2, Uni-Gold HIV Kit, 20 Tests",Uni-Gold,20,2086,66752,32,1.6,"Trinity Biotech, Plc",707,5926.53,130.83
9866,Nigeria,PMO - US,Direct Drop,EXW,Air,15-Oct-08,15-Oct-08,HRDT,HIV test,"Orgenics, Ltd",SKU0017,"HIV 1/2, Determine HIV Kit, without Lancets, 100 Tests",Determine,100,6502,520094.98,79.99,0.8,Inverness Japan,See ASN-2438 (ID#:1941),See ASN-2438 (ID#:1941),832.15
9874,Vietnam,PMO - US,Direct Drop,CIP,Air,13-Nov-08,13-Nov-08,ARV,Pediatric,BRISTOL-MYERS SQUIBB,SKU0028,"Didanosine 25mg [Videx], chewable tablets, 60 Tabs",Videx,60,240,1680,7,0.12,"BMS Meymac, France",52,1516.05,3.29
9916,Nigeria,PMO - US,Direct Drop,EXW,Air,23-Oct-08,23-Oct-08,ACT,ACT,IDA FOUNDATION,SKU0034,"Artemether/Lumefantrine 20/120mg [Coartem], scored tablets, Blister 30 x 18 Tabs",Coartem,540,25,875,35,0.06,"Novartis Pharma AG, Switzerland",86,1528.06,1.4
9918,Vietnam,PMO - US,Direct Drop,EXW,Air,25-Sep-08,25-Sep-08,ARV,Adult,Aurobindo Pharma Limited,SKU0011,"Lamivudine/Zidovudine 150/300mg, tablets, 60 Tabs",Generic,60,1800,15498,8.61,0.14,"Aurobindo Unit III, India",See ASN-2515 (ID#:4635),See ASN-2515 (ID#:4635),24.8
9933,Ethiopia,PMO - US,Direct Drop,EXW,Air,30-Oct-08,30-Oct-08,HRDT,HIV test,"SHANGHAI KEHUA BIOENGINEERING CO.,LTD.  (KHB)",SKU0063,"HIV 1/2, SKB Colloidal Gold, Diagnostic Kit, Antibody, 50 Tests",Colloidal Gold,1,6998,160954,23,23,"KHB Test Kit Facility, Shanghai China",5056,44360.44,315.47
9936,South Africa,PMO - US,Direct Drop,DDP,Truck,25-Aug-08,18-Aug-08,ARV,Adult,S. BUYS WHOLESALER,SKU0051,"Zidovudine 300mg [Retrovir], tablets, 60 Tabs",Retrovir,60,550,6820,12.4,0.21,GSK Aranda,Weight Captured Separately,Freight Included in Commodity Cost,10.91
9937,South Africa,PMO - US,Direct Drop,DDP,Truck,25-Aug-08,14-Aug-08,ARV,Pediatric,S. BUYS WHOLESALER,SKU0015,"Didanosine 2g [Videx], powder for oral solution 10mg/ml, reconstitute to 200 ml",Videx,200,10,125.4,12.54,0.06,"BMS Meymac, France",Weight Captured Separately,Freight Included in Commodity Cost,0.2
9939,Namibia,PMO - US,Direct Drop,EXW,Air,25-Sep-08,25-Sep-08,HRDT,HIV test,"Orgenics, Ltd",SKU0017,"HIV 1/2, Determine HIV Kit, without Lancets, 100 Tests",Determine,100,2,140,70,0.7,Inverness Japan,See ASN-2513 (ID#:3360),See ASN-2513 (ID#:3360),0.22
9952,Côte d'Ivoire,PMO - US,Direct Drop,EXW,Air,23-Jan-09,23-Jan-09,ACT,ACT,IDA FOUNDATION,SKU0091,"Artesunate+Amodiaquine 50+153mg, tablets, co-blister 12+12 Tabs",Generic,24,20000,14000,0.7,0.03,Ipca Dadra/Nagar Haveli IN,See ASN-2921 (ID#:719),See ASN-2921 (ID#:719),27.44
9960,Mozambique,PMO - US,Direct Drop,EXW,Air,3-Oct-08,3-Oct-08,HRDT,HIV test - Ancillary,"Orgenics, Ltd",SKU0022,"HIV, Lancet, Safety, for HIV Test kits, 100 Pcs",Generic,100,1000,10,0.01,0,Inverness Japan,See ASN-2403 (ID#:3386),See ASN-2403 (ID#:3386),0.02
10062,Vietnam,PMO - US,Direct Drop,EXW,Air,23-Feb-09,23-Feb-09,ARV,Adult,Aurobindo Pharma Limited,SKU0003,"Lamivudine 150mg, tablets, 60 Tabs",Generic,60,6966,16718.4,2.4,0.04,"Aurobindo Unit III, India",See ASN-3313 (ID#:3456),See ASN-3313 (ID#:3456),32.77
10063,Zimbabwe,PMO - US,Direct Drop,CIP,Air,15-Nov-08,15-Nov-08,HRDT,HIV test,BIOLYTICAL LABORATORIES INC.,SKU0064,"#109440**HIV 1/2, INSTI HIV Antibody Individual POC, 1 Test",INSTi,1,5000,13398.72,2.68,2.68,bioLytical Laboratories,Weight Captured Separately,Freight Included in Commodity Cost,26.26
10085,Ethiopia,PMO - US,Direct Drop,EXW,Air,30-Jan-09,20-Jan-09,HRDT,HIV test,"CHEMBIO DIAGNOSTIC SYSTEMS, INC.",SKU0016,"HIV 1/2, Stat-Pak HIV, Kit, 20 Tests",Stat-Pak,20,9325,251775,27,1.35,Chembio Diagnostics Sys. Inc.,3061,15288.75,493.48
10086,Ethiopia,PMO - US,Direct Drop,EXW,Air,30-Jan-09,30-Jan-09,HRDT,HIV test,"CHEMBIO DIAGNOSTIC SYSTEMS, INC.",SKU0016,"HIV 1/2, Stat-Pak HIV, Kit, 20 Tests",Stat-Pak,20,3711,100197,27,1.35,Chembio Diagnostics Sys. Inc.,1341,6112.63,196.39
10089,Botswana,PMO - US,Direct Drop,DDP,Truck,12-Nov-08,12-Nov-08,HRDT,HIV test,AHN (PTY) LTD (AKA UCB (S.A.),SKU0018,"HIV 1/2, OraQuick Advance HIV Rapid Antibody Kit, 100 Tests",OraQuick,100,5,3500,700,7,"Pacific Biotech, Thailand",Weight Captured Separately,Freight Included in Commodity Cost,6.86
10102,Nigeria,PMO - US,Direct Drop,EXW,Air,2-Dec-08,2-Dec-08,HRDT,HIV test,"Orgenics, Ltd",SKU0002,"HIV 1/2, Determine Complete HIV Kit, 100 Tests",Determine,100,3622,289760,80,0.8,Inverness Japan,1091,15045.56,567.93
10126,Tanzania,PMO - US,Direct Drop,CIP,Air,15-Jun-09,15-Jun-09,ARV,Adult,MERCK SHARP & DOHME IDEA GMBH (FORMALLY MERCK SHARP & DOHME B.V.),SKU0038,"Efavirenz/Emtricitabine/Tenofovir Disoproxil Fumarate 600/200/300mg [Atripla], tablets, 30 Tabs",Atripla,30,2357,118792.8,50.4,1.68,"MSD, Haarlem, NL",See ASN-3853 (ID#:4824),See ASN-3853 (ID#:4824),232.83
10228,Vietnam,PMO - US,Direct Drop,EXW,Air,7-Apr-09,7-Apr-09,ARV,Adult,Aurobindo Pharma Limited,SKU0007,"Nevirapine 200mg, tablets, 60 Tabs",Generic,60,7800,22620,2.9,0.05,"Aurobindo Unit III, India",See ASN-3561 (ID#:2297),See ASN-3561 (ID#:2297),44.34
10229,Vietnam,PMO - US,Direct Drop,EXW,Air,10-Apr-09,10-Apr-09,ARV,Adult,Aurobindo Pharma Limited,SKU0004,"Stavudine 30mg, capsules, 60 Caps",Generic,60,22428,32520.6,1.45,0.02,"Aurobindo Unit III, India",See ASN-3562 (ID#:960),See ASN-3562 (ID#:960),63.74
10239,Zambia,PMO - US,Direct Drop,EXW,Air,9-Apr-09,9-Apr-09,HRDT,HIV test,"Trinity Biotech, Plc",SKU0009,"HIV 1/2, Uni-Gold HIV Kit, 20 Tests",Uni-Gold,20,8000,256000,32,1.6,"Trinity Biotech, Plc",2657,25513.66,501.76
10240,Tanzania,PMO - US,Direct Drop,DDP,Truck,23-Feb-09,23-Feb-09,HRDT,HIV test,KAS MEDICS LIMITED,SKU0002,"HIV 1/2, Determine Complete HIV Kit, 100 Tests",Determine,100,110,12650,115,1.15,Inverness Japan,Weight Captured Separately,Freight Included in Commodity Cost,24.79
10246,Vietnam,PMO - US,Direct Drop,EXW,Air,10-Mar-09,10-Mar-09,ARV,Adult,Aurobindo Pharma Limited,SKU0011,"Lamivudine/Zidovudine 150/300mg, tablets, 60 Tabs",Generic,60,1176,10125.36,8.61,0.14,"Aurobindo Unit III, India",105,865.6,19.85
10282,Rwanda,PMO - US,Direct Drop,EXW,Air,6-Apr-09,6-Apr-09,HRDT,HIV test,"Trinity Biotech, Plc",SKU0009,"HIV 1/2, Uni-Gold HIV Kit, 20 Tests",Uni-Gold,20,963,30816,32,1.6,"Trinity Biotech, Plc",320,3100.66,60.4
10298,Côte d'Ivoire,PMO - US,Direct Drop,EXW,Air,14-May-09,14-May-09,HRDT,HIV test,"Orgenics, Ltd",SKU0017,"HIV 1/2, Determine HIV Kit, without Lancets, 100 Tests",Determine,100,1500,105000,70,0.7,Inverness Japan,341,9749.73,205.8
10342,South Africa,PMO - US,Direct Drop,DDP,Air,17-Mar-09,28-Nov-08,ARV,Pediatric,S. BUYS WHOLESALER,SKU0023,"Stavudine 1mg/ml [Zerit], powder for oral solution, Bottle, 200 ml",Zerit,200,180,210.6,1.17,0.01,"BMS Meymac, France",Weight Captured Separately,Freight Included in Commodity Cost,0.41
10343,South Africa,PMO - US,Direct Drop,DDP,Air,24-Mar-09,1-Dec-08,ARV,Adult,S. BUYS WHOLESALER,SKU0003,"Lamivudine 150mg, tablets, 60 Tabs",Generic,60,6000,32520,5.42,0.09,"Aurobindo Unit III, India",Weight Captured Separately,Freight Included in Commodity Cost,63.74
10344,South Africa,PMO - US,Direct Drop,DDP,Air,31-Mar-09,2-Dec-08,ARV,Adult,S. BUYS WHOLESALER,SKU0074,"Stavudine 30mg [Zerit], capsules, 60 Caps",Zerit,60,3600,13896,3.86,0.06,"BMS Meymac, France",Weight Captured Separately,Freight Included in Commodity Cost,27.24
10345,South Africa,PMO - US,Direct Drop,DDP,Air,30-Jun-09,30-Jan-09,ARV,Adult,S. BUYS WHOLESALER,SKU0014,"Zidovudine 300mg, tablets, 60 Tabs",Generic,60,5550,68098.5,12.27,0.2,"Aurobindo Unit III, India",Weight Captured Separately,Freight Included in Commodity Cost,133.47
10347,South Africa,PMO - US,Direct Drop,DDP,Air,12-May-09,30-Dec-08,ARV,Pediatric,S. BUYS WHOLESALER,SKU0023,"Stavudine 1mg/ml [Zerit], powder for oral solution, Bottle, 200 ml",Zerit,200,40,48.4,1.21,0.01,"BMS Meymac, France",Weight Captured Separately,Freight Included in Commodity Cost,0.09
10348,South Africa,PMO - US,Direct Drop,DDP,Air,9-Jun-09,27-Jan-09,ARV,Adult,S. BUYS WHOLESALER,SKU0004,"Stavudine 30mg, capsules, 60 Caps",Generic,60,24150,59892,2.48,0.04,"Aurobindo Unit III, India",Weight Captured Separately,Freight Included in Commodity Cost,117.39
10350,South Africa,PMO - US,Direct Drop,DDP,Air,17-Jun-09,3-Apr-09,ARV,Adult,S. BUYS WHOLESALER,SKU0003,"Lamivudine 150mg, tablets, 60 Tabs",Generic,60,100,520,5.2,0.09,"Aurobindo Unit III, India",Weight Captured Separately,Freight Included in Commodity Cost,1.02
10351,South Africa,PMO - US,Direct Drop,DDP,Air,17-Jun-09,17-Jun-09,ARV,Pediatric,S. BUYS WHOLESALER,SKU0048,"Lamivudine 10mg/ml, oral solution, Bottle, 240 ml",Generic,240,1000,3550,3.55,0.01,"Aurobindo Unit III, India",Weight Captured Separately,Freight Included in Commodity Cost,6.96
10352,South Africa,PMO - US,Direct Drop,DDP,Air,31-Mar-09,21-Nov-08,ARV,Pediatric,S. BUYS WHOLESALER,SKU0028,"Didanosine 25mg [Videx], chewable tablets, 60 Tabs",Videx,60,10,94.9,9.49,0.16,"BMS Meymac, France",Weight Captured Separately,Freight Included in Commodity Cost,0.19
10353,South Africa,PMO - US,Direct Drop,DDP,Air,1-Apr-09,26-Nov-08,ARV,Adult,S. BUYS WHOLESALER,SKU0061,"Lamivudine 150mg [Epivir], tablets, 60 Tabs",Epivir,60,2000,10460,5.23,0.09,GSK Cape Town Factory (South Africa),See ASN-3760 (ID#:5049),See ASN-3760 (ID#:5049),20.5
10354,South Africa,PMO - US,Direct Drop,DDP,Air,1-Apr-09,26-Nov-08,ARV,Pediatric,S. BUYS WHOLESALER,SKU0020,"Zidovudine 10mg/ml [Retrovir], oral solution, Bottle, 200 ml",Retrovir,200,150,949.5,6.33,0.03,GSK Mississauga (Canada),See ASN-3760 (ID#:5049),See ASN-3760 (ID#:5049),1.86
10355,South Africa,PMO - US,Direct Drop,DDP,Air,1-Apr-09,11-Feb-09,ARV,Adult,S. BUYS WHOLESALER,SKU0053,"Emtricitabine/Tenofovir Disoproxil Fumarate 200/300mg [Truvada], tablets, 30 Tabs",Truvada,30,80,2542.4,31.78,1.06,"Aspen-OSD, Port Elizabeth, SA",Weight Captured Separately,Freight Included in Commodity Cost,4.98
10356,South Africa,PMO - US,Direct Drop,DDP,Air,1-Apr-09,11-Feb-09,ARV,Adult,S. BUYS WHOLESALER,SKU0030,"Stavudine 20mg [Zerit], capsules, 60 Caps",Zerit,60,300,1212,4.04,0.07,"BMS Meymac, France",Weight Captured Separately,Freight Included in Commodity Cost,2.38
10357,South Africa,PMO - US,Direct Drop,DDP,Air,1-Apr-09,11-Feb-09,ARV,Adult,S. BUYS WHOLESALER,SKU0021,"Tenofovir Disoproxil Fumarate 300mg [Viread], tablets, 30 Tabs",Viread,30,400,8692,21.73,0.72,"Aspen-OSD, Port Elizabeth, SA",Weight Captured Separately,Freight Included in Commodity Cost,17.04
10364,South Africa,PMO - US,Direct Drop,DDP,Air,25-Jun-09,8-Apr-09,ARV,Adult,S. BUYS WHOLESALER,SKU0014,"Zidovudine 300mg, tablets, 60 Tabs",Generic,60,1000,19760,19.76,0.33,"Aurobindo Unit III, India",Weight Captured Separately,Freight Included in Commodity Cost,38.73
11100,Zambia,PMO - US,From RDC,N/A - From RDC,,4-May-07,4-May-07,ARV,Adult,SCMS from RDC,SKU0058,"Abacavir 300mg, tablets, 60 Tabs",Generic,60,1000,35800,35.8,0.6,"Aurobindo Unit III, India",4436,18375.7,
10365,South Africa,PMO - US,Direct Drop,DDP,Air,25-Jun-09,21-Apr-09,ARV,Adult,S. BUYS WHOLESALER,SKU0008,"Lopinavir/Ritonavir 200/50mg [Aluvia], tablets, 120 Tabs",Aluvia,120,1900,68362,35.98,0.3,ABBVIE Ludwigshafen Germany,Weight Captured Separately,Freight Included in Commodity Cost,133.99
10366,South Africa,PMO - US,Direct Drop,DDP,Air,25-Jun-09,21-Apr-09,ARV,Adult,S. BUYS WHOLESALER,SKU0003,"Lamivudine 150mg, tablets, 60 Tabs",Generic,60,3344,23675.52,7.08,0.12,"Aurobindo Unit III, India",Weight Captured Separately,Freight Included in Commodity Cost,46.4
10367,South Africa,PMO - US,Direct Drop,DDP,Truck,25-Jun-09,25-Jun-09,ARV,Adult,S. BUYS WHOLESALER,SKU0061,"Lamivudine 150mg [Epivir], tablets, 60 Tabs",Epivir,60,7000,37520,5.36,0.09,GSK Cape Town Factory (South Africa),Weight Captured Separately,Freight Included in Commodity Cost,73.54
10368,South Africa,PMO - US,Direct Drop,DDP,Truck,25-Jun-09,17-Jun-09,ARV,Pediatric,S. BUYS WHOLESALER,SKU0048,"Lamivudine 10mg/ml, oral solution, Bottle, 240 ml",Generic,240,1000,5650,5.65,0.02,"Aurobindo Unit III, India",Weight Captured Separately,Freight Included in Commodity Cost,11.07
10386,Guyana,PMO - US,Direct Drop,EXW,Air,18-May-09,18-May-09,HRDT,HIV test,"Trinity Biotech, Plc",SKU0009,"HIV 1/2, Uni-Gold HIV Kit, 20 Tests",Uni-Gold,20,2026,64832,32,1.6,"Trinity Biotech, Plc",675,8727.54,127.07
10388,South Africa,PMO - US,Direct Drop,DDP,Truck,15-May-09,15-May-09,ARV,Adult,S. BUYS WHOLESALER,SKU0004,"Stavudine 30mg, capsules, 60 Caps",Generic,60,1800,5418,3.01,0.05,"Aurobindo Unit III, India",Weight Captured Separately,Freight Included in Commodity Cost,10.62
10389,South Africa,PMO - US,Direct Drop,DDP,Truck,15-May-09,15-May-09,ARV,Pediatric,S. BUYS WHOLESALER,SKU0047,"Lamivudine 10mg/ml [Epivir], oral solution, Bottle, 240 ml",Epivir,240,650,3614,5.56,0.02,GSK Mississauga (Canada),Weight Captured Separately,Freight Included in Commodity Cost,7.08
10390,South Africa,PMO - US,Direct Drop,DDP,Truck,15-May-09,21-Apr-09,ARV,Adult,S. BUYS WHOLESALER,SKU0027,"Saquinavir 200mg [Invirase], capsules, 270 Caps",Invirase,270,30,1970.4,65.68,0.24,Roche Basel,Weight Captured Separately,Freight Included in Commodity Cost,3.86
10395,Haiti,PMO - US,Direct Drop,EXW,Air,6-Jul-09,6-Jul-09,HRDT,HIV test,Orasure Technologies Inc.,SKU0018,"HIV 1/2, OraQuick Advance HIV Rapid Antibody Kit, 100 Tests",OraQuick,100,60,21000,350,3.5,"Pacific Biotech, Thailand",144,4185.29,41.16
10401,Kenya,PMO - US,Direct Drop,EXW,Air,7-Aug-09,7-Aug-09,HRDT,HIV test,"Orgenics, Ltd",SKU0002,"HIV 1/2, Determine Complete HIV Kit, 100 Tests",Determine,100,7500,600000,80,0.8,Inverness Japan,2215,17662.98,1176
10406,Nigeria,PMO - US,Direct Drop,EXW,Air,24-Jun-09,24-Jun-09,HRDT,HIV test,"Orgenics, Ltd",SKU0002,"HIV 1/2, Determine Complete HIV Kit, 100 Tests",Determine,100,6393,511440,80,0.8,Inverness Japan,1920,30697.91,1002.42
10416,Rwanda,PMO - US,Direct Drop,CIP,Air,14-Sep-09,14-Sep-09,ARV,Adult,MYLAN LABORATORIES LTD (FORMERLY MATRIX LABORATORIES),SKU0011,"Lamivudine/Zidovudine 150/300mg, tablets, 60 Tabs",Generic,60,38736,348624,9,0.15,Mylan (formerly Matrix) Nashik,3080,33235.44,683.3
10438,Vietnam,PMO - US,Direct Drop,EXW,Air,3-Aug-09,3-Aug-09,ARV,Adult,MYLAN LABORATORIES LTD (FORMERLY MATRIX LABORATORIES),SKU0026,"Efavirenz 600mg, tablets, 30 Tabs",Generic,30,22512,146328,6.5,0.22,Mylan (formerly Matrix) Nashik,1775,5761.87,286.8
10446,Namibia,PMO - US,Direct Drop,EXW,Air,1-Sep-09,1-Sep-09,HRDT,HIV test,"Orgenics, Ltd",SKU0055,"HIV 1/2, Clearview Complete Kit, 25 Tests",Clearview,25,33,2475,75,3,Chembio Diagnostics Sys. Inc.,25,238.56,4.85
10464,Namibia,PMO - US,Direct Drop,EXW,Air,8-Sep-09,8-Sep-09,HRDT,HIV test,"Orgenics, Ltd",SKU0055,"HIV 1/2, Clearview Complete Kit, 25 Tests",Clearview,25,950,71250,75,3,Chembio Diagnostics Sys. Inc.,760,5213.02,139.65
10472,Botswana,PMO - US,Direct Drop,EXW,Air,10-Jul-09,10-Jul-09,HRDT,HIV test,"Trinity Biotech, Plc",SKU0009,"HIV 1/2, Uni-Gold HIV Kit, 20 Tests",Uni-Gold,20,138,4416,32,1.6,"Trinity Biotech, Plc",56,1060.43,8.66
10476,Vietnam,PMO - US,Direct Drop,CIP,Air,24-Aug-09,24-Aug-09,ARV,Pediatric,BRISTOL-MYERS SQUIBB,SKU0028,"Didanosine 25mg [Videx], chewable tablets, 60 Tabs",Videx,60,480,3360,7,0.12,"BMS Meymac, France",Weight Captured Separately,Freight Included in Commodity Cost,6.59
10477,Namibia,PMO - US,Direct Drop,EXW,Air,29-Jul-09,29-Jul-09,HRDT,HIV test,"Orgenics, Ltd",SKU0002,"HIV 1/2, Determine Complete HIV Kit, 100 Tests",Determine,100,150,10800,72,0.72,Inverness Japan,47,2681.23,21.17
10498,South Africa,PMO - US,Direct Drop,DDP,Truck,12-Oct-09,21-Jul-09,ARV,Adult,S. BUYS WHOLESALER,SKU0051,"Zidovudine 300mg [Retrovir], tablets, 60 Tabs",Retrovir,60,550,8624,15.68,0.26,GSK Ware (UK),Weight Captured Separately,Freight Included in Commodity Cost,16.9
10499,South Africa,PMO - US,Direct Drop,DDP,Truck,12-Oct-09,3-Aug-09,ARV,Adult,S. BUYS WHOLESALER,SKU0004,"Stavudine 30mg, capsules, 60 Caps",Generic,60,700,2457,3.51,0.06,"Aurobindo Unit III, India",Weight Captured Separately,Freight Included in Commodity Cost,4.82
10500,South Africa,PMO - US,Direct Drop,DDP,Truck,12-Oct-09,12-Oct-09,ARV,Pediatric,S. BUYS WHOLESALER,SKU0005,"Zidovudine 10mg/ml, oral solution, Bottle, 240 ml",Generic,240,200,1410,7.05,0.03,"Aurobindo Unit III, India",Weight Captured Separately,Freight Included in Commodity Cost,3.04
10501,South Africa,PMO - US,Direct Drop,DDP,Truck,21-Jul-09,21-Jul-09,ARV,Pediatric,S. BUYS WHOLESALER,SKU0049,"Efavirenz 50mg, capsule, 30 Caps",Generic,30,400,1468,3.67,0.12,"Aurobindo Unit III, India",Weight Captured Separately,Freight Included in Commodity Cost,2.88
10503,Zambia,PMO - US,Direct Drop,EXW,Air,11-Nov-09,11-Nov-09,HRDT,HIV test,"Orgenics, Ltd",SKU0002,"HIV 1/2, Determine Complete HIV Kit, 100 Tests",Determine,100,2500,180000,72,0.72,Inverness Japan,740,7513.71,388.08
10504,Namibia,PMO - US,Direct Drop,EXW,Air,29-Jun-09,29-Jun-09,HRDT,HIV test,"Trinity Biotech, Plc",SKU0009,"HIV 1/2, Uni-Gold HIV Kit, 20 Tests",Uni-Gold,20,120,3840,32,1.6,"Trinity Biotech, Plc",41,1862.27,7.53
10534,Zambia,PMO - US,From RDC,N/A - From RDC,,2-Feb-07,2-Feb-07,ARV,Adult,SCMS from RDC,SKU0080,"Nelfinavir (as mesilate) 250mg [Viracept], tablets, 270 Tabs",Viracept,270,228,17948.16,78.72,0.29,Roche Madrid,60,1218.91,
10535,Mozambique,PMO - US,From RDC,N/A - From RDC,Air,8-Jan-07,8-Jan-07,ARV,Adult,SCMS from RDC,SKU0080,"Nelfinavir (as mesilate) 250mg [Viracept], tablets, 270 Tabs",Viracept,270,764,60814.4,79.6,0.29,Roche Madrid,1669,859.14,
10536,Mozambique,PMO - US,From RDC,N/A - From RDC,Air,8-Jan-07,8-Jan-07,ARV,Pediatric,SCMS from RDC,SKU0062,"Efavirenz 50mg [Stocrin/Sustiva], capsule, 30 Caps",Stocrin/Sustiva,30,341,1166.22,3.42,0.11,"MSD Manati, Puerto Rico, (USA)",See DN-13 (ID#:10535),See DN-13 (ID#:10535),
10537,Mozambique,PMO - US,From RDC,N/A - From RDC,Air,9-Jan-07,9-Jan-07,ARV,Adult,SCMS from RDC,SKU0026,"Efavirenz 600mg, tablets, 30 Tabs",Generic,30,10403,174250.25,16.75,0.56,"Aurobindo Unit III, India",1717,1893.82,
10539,Nigeria,PMO - US,From RDC,N/A - From RDC,,22-Feb-07,22-Feb-07,ARV,Adult,SCMS from RDC,SKU0095,"Lamivudine/Zidovudine+Nevirapine 150/300+200mg, tablets, co-blister, 60+60 Tabs",Generic,120,5151,105595.5,20.5,0.17,"Aspen-OSD, Port Elizabeth, SA",667,2921,
10540,Côte d'Ivoire,PMO - US,From RDC,N/A - From RDC,,22-Feb-07,22-Feb-07,ARV,Adult,SCMS from RDC,SKU0011,"Lamivudine/Zidovudine 150/300mg, tablets, 60 Tabs",Generic,60,2230,22857.5,10.25,0.17,"Aurobindo Unit III, India",909,2804,
10541,Mozambique,PMO - US,From RDC,N/A - From RDC,Air,9-Jan-07,9-Jan-07,ARV,Adult,SCMS from RDC,SKU0021,"Tenofovir Disoproxil Fumarate 300mg [Viread], tablets, 30 Tabs",Viread,30,747,12699,17,0.57,Gilead(Nycomed) Oranienburg DE,84,1338.04,
10542,Zimbabwe,PMO - US,From RDC,N/A - From RDC,,6-Feb-07,6-Feb-07,ARV,Adult,SCMS from RDC,SKU0026,"Efavirenz 600mg, tablets, 30 Tabs",Generic,30,1050,17062.5,16.25,0.54,"Aurobindo Unit III, India",90,1428.67,
10544,Nigeria,PMO - US,From RDC,N/A - From RDC,,22-Feb-07,22-Feb-07,ARV,Pediatric,SCMS from RDC,SKU0048,"Lamivudine 10mg/ml, oral solution, Bottle, 240 ml",Generic,240,1200,2640,2.2,0.01,"Aurobindo Unit III, India",1178,4535,
10545,Nigeria,PMO - US,From RDC,N/A - From RDC,,22-Feb-07,22-Feb-07,ARV,Adult,SCMS from RDC,SKU0003,"Lamivudine 150mg, tablets, 60 Tabs",Generic,60,2170,6727,3.1,0.05,"Aurobindo Unit III, India",See DN-27 (ID#:10544),See DN-27 (ID#:10544),
10546,Nigeria,PMO - US,From RDC,N/A - From RDC,,17-Apr-07,17-Apr-07,ARV,Pediatric,SCMS from RDC,SKU0001,"Nevirapine 10mg/ml, oral suspension, Bottle, 240 ml",Generic,240,1216,4256,3.5,0.01,"Aurobindo Unit III, India",840,3736,
10547,Zambia,PMO - US,From RDC,N/A - From RDC,,16-May-07,16-May-07,ARV,Adult,SCMS from RDC,SKU0053,"Emtricitabine/Tenofovir Disoproxil Fumarate 200/300mg [Truvada], tablets, 30 Tabs",Truvada,30,14851,389838.75,26.25,0.88,Gilead(Nycomed) Oranienburg DE,899,5245.98,
10548,Nigeria,PMO - US,From RDC,N/A - From RDC,,8-May-07,8-May-07,ARV,Adult,SCMS from RDC,SKU0095,"Lamivudine/Zidovudine+Nevirapine 150/300+200mg, tablets, co-blister, 60+60 Tabs",Generic,120,5661,116050.5,20.5,0.17,"Aspen-OSD, Port Elizabeth, SA",725,4104.5,
10549,Mozambique,PMO - US,From RDC,N/A - From RDC,Air,17-Apr-07,17-Apr-07,ARV,Adult,SCMS from RDC,SKU0027,"Saquinavir 200mg [Invirase], capsules, 270 Caps",Invirase,270,470,35856.3,76.29,0.28,Roche Basel,Weight Captured Separately,7364.3,
10550,Côte d'Ivoire,PMO - US,From RDC,N/A - From RDC,,4-May-07,4-May-07,ARV,Adult,SCMS from RDC,SKU0011,"Lamivudine/Zidovudine 150/300mg, tablets, 60 Tabs",Generic,60,1778,18224.5,10.25,0.17,"Aurobindo Unit III, India",716,2601,
10551,Côte d'Ivoire,PMO - US,From RDC,N/A - From RDC,,30-Apr-07,30-Apr-07,ARV,Adult,SCMS from RDC,SKU0044,"Lamivudine/Nevirapine/Stavudine 150/200/30mg, tablets, 60 Tabs",Generic,60,9000,67500,7.5,0.12,"Cipla, Goa, India",974,3166,
10553,Zambia,PMO - US,From RDC,N/A - From RDC,,21-May-07,21-May-07,HRDT,HIV test,SCMS from RDC,SKU0009,"HIV 1/2, Uni-Gold HIV Kit, 20 Tests",Uni-Gold,20,5212,166784,32,1.6,"Trinity Biotech, Plc",1780,13736.03,
10562,Zambia,PMO - US,From RDC,N/A - From RDC,,14-Jun-07,14-Jun-07,ARV,Adult,SCMS from RDC,SKU0058,"Abacavir 300mg, tablets, 60 Tabs",Generic,60,8905,318799,35.8,0.6,"Aurobindo Unit III, India",3139,13094.69,
10563,Zambia,PMO - US,From RDC,N/A - From RDC,,27-Jul-07,27-Jul-07,ARV,Adult,SCMS from RDC,SKU0008,"Lopinavir/Ritonavir 200/50mg [Aluvia], tablets, 120 Tabs",Aluvia,120,5019,206280.9,41.1,0.34,ABBVIE Ludwigshafen Germany,1092,4761.51,330.05
10564,Mozambique,PMO - US,From RDC,N/A - From RDC,Air,13-Jun-07,13-Jun-07,ARV,Adult,SCMS from RDC,SKU0094,"Indinavir 400mg [Crixivan], capsules, 180 Caps",Crixivan,180,564,27816.48,49.32,0.27,MSD Elkton USA,3946,8892.48,
10565,Mozambique,PMO - US,From RDC,N/A - From RDC,Air,13-Jun-07,13-Jun-07,ARV,Adult,SCMS from RDC,SKU0027,"Saquinavir 200mg [Invirase], capsules, 270 Caps",Invirase,270,421,32118.09,76.29,0.28,Roche Basel,See DN-148 (ID#:10564),See DN-148 (ID#:10564),
10566,Nigeria,PMO - US,From RDC,N/A - From RDC,,26-Jun-07,26-Jun-07,ARV,Adult,SCMS from RDC,SKU0003,"Lamivudine 150mg, tablets, 60 Tabs",Generic,60,880,2912.8,3.31,0.06,"Ranbaxy, Paonta Shahib, India",226,1732,
10567,Côte d'Ivoire,PMO - US,From RDC,N/A - From RDC,,4-Jun-07,4-Jun-07,ARV,Adult,SCMS from RDC,SKU0041,"Stavudine 15mg, capsules, 60 Caps",Generic,60,875,1881.25,2.15,0.04,"Aurobindo Unit III, India",58,727,
10570,Nigeria,PMO - US,From RDC,N/A - From RDC,,26-Jun-07,26-Jun-07,ARV,Adult,SCMS from RDC,SKU0072,"Stavudine 40mg, capsules, 60 Caps",Generic,60,300,537,1.79,0.03,"Aurobindo Unit III, India",54,1283.24,0.86
10571,Zimbabwe,PMO - US,From RDC,N/A - From RDC,,20-May-07,20-May-07,ARV,Adult,SCMS from RDC,SKU0026,"Efavirenz 600mg, tablets, 30 Tabs",Generic,30,6000,97500,16.25,0.54,"Aurobindo Unit III, India",553,1956.93,
10572,Côte d'Ivoire,PMO - US,From RDC,N/A - From RDC,,8-Jun-07,8-Jun-07,ARV,Adult,SCMS from RDC,SKU0014,"Zidovudine 300mg, tablets, 60 Tabs",Generic,60,1926,16409.52,8.52,0.14,"Ranbaxy, Paonta Shahib, India",105,977.55,
10573,Côte d'Ivoire,PMO - US,From RDC,N/A - From RDC,,28-Jun-07,28-Jun-07,ARV,Adult,SCMS from RDC,SKU0044,"Lamivudine/Nevirapine/Stavudine 150/200/30mg, tablets, 60 Tabs",Generic,60,40411,303082.5,7.5,0.12,"Cipla, Goa, India",7185,17587,484.93
10645,Côte d'Ivoire,PMO - US,From RDC,N/A - From RDC,Air,10-Dec-07,10-Dec-07,ARV,Adult,SCMS from RDC,SKU0007,"Nevirapine 200mg, tablets, 60 Tabs",Generic,60,8000,27200,3.4,0.06,"Strides, Bangalore, India.",1013,3646,43.52
10576,Côte d'Ivoire,PMO - US,From RDC,N/A - From RDC,,31-Jul-07,31-Jul-07,HRDT,HIV test,SCMS from RDC,SKU0002,"HIV 1/2, Determine Complete HIV Kit, 100 Tests",Determine,100,2,160,80,0.8,ABBVIE GmbH & Co.KG Wiesbaden,1,9789.07,0.26
10577,Guyana,PMO - US,From RDC,N/A - From RDC,Air,9-Aug-07,9-Aug-07,ARV,Adult,SCMS from RDC,SKU0014,"Zidovudine 300mg, tablets, 60 Tabs",Generic,60,564,4596.6,8.15,0.14,"Aurobindo Unit III, India",34,1920,7.35
10578,Zimbabwe,PMO - US,From RDC,N/A - From RDC,Truck,4-Jul-07,4-Jul-07,ARV,Adult,SCMS from RDC,SKU0044,"Lamivudine/Nevirapine/Stavudine 150/200/30mg, tablets, 60 Tabs",Generic,60,8694,64335.6,7.4,0.12,"Cipla, Goa, India",819,3135,102.94
10579,Tanzania,PMO - US,From RDC,N/A - From RDC,Air,14-Aug-07,14-Aug-07,HRDT,HIV test,SCMS from RDC,SKU0002,"HIV 1/2, Determine Complete HIV Kit, 100 Tests",Determine,100,302,24160,80,0.8,ABBVIE GmbH & Co.KG Wiesbaden,98,1266.39,38.66
10580,Côte d'Ivoire,PMO - US,From RDC,N/A - From RDC,Air,17-Aug-07,17-Aug-07,ARV,Adult,SCMS from RDC,SKU0003,"Lamivudine 150mg, tablets, 60 Tabs",Generic,60,3145,9560.8,3.04,0.05,"Aurobindo Unit III, India",206,2731.58,15.3
10585,Côte d'Ivoire,PMO - US,From RDC,N/A - From RDC,,18-Jul-07,18-Jul-07,ARV,Pediatric,SCMS from RDC,SKU0062,"Efavirenz 50mg [Stocrin/Sustiva], capsule, 30 Caps",Stocrin/Sustiva,30,5000,17350,3.47,0.12,"MSD, Haarlem, NL",263,1699,27.76
10587,Namibia,PMO - US,From RDC,N/A - From RDC,,7-Sep-07,7-Sep-07,HRDT,HIV test,SCMS from RDC,SKU0009,"HIV 1/2, Uni-Gold HIV Kit, 20 Tests",Uni-Gold,20,300,9600,32,1.6,"Trinity Biotech, Plc",172,688.84,15.36
10588,Côte d'Ivoire,PMO - US,From RDC,N/A - From RDC,,14-Sep-07,14-Sep-07,ARV,Adult,SCMS from RDC,SKU0094,"Indinavir 400mg [Crixivan], capsules, 180 Caps",Crixivan,180,1076,53800,50,0.28,MSD Elkton USA,1286,7629.94,86.08
10589,Mozambique,PMO - US,From RDC,N/A - From RDC,Air,21-Sep-07,21-Sep-07,ARV,Pediatric,SCMS from RDC,SKU0071,"Abacavir 20mg/ml, oral solution, Bottle, 240 ml",Generic,240,338,7114.9,21.05,0.09,"Aurobindo Unit III, India",9006,9869.55,11.38
10590,Zimbabwe,PMO - US,From RDC,N/A - From RDC,Truck,17-Aug-07,17-Aug-07,ARV,Adult,SCMS from RDC,SKU0014,"Zidovudine 300mg, tablets, 60 Tabs",Generic,60,1200,9780,8.15,0.14,"Aurobindo Unit III, India",70,1949.84,15.65
10593,Côte d'Ivoire,PMO - US,From RDC,N/A - From RDC,,30-Aug-07,30-Aug-07,ARV,Adult,SCMS from RDC,SKU0004,"Stavudine 30mg, capsules, 60 Caps",Generic,60,1796,2729.92,1.52,0.03,"Strides, Bangalore, India.",5880,14656,4.37
10596,Zimbabwe,PMO - US,From RDC,N/A - From RDC,Truck,26-Sep-07,26-Sep-07,ARV,Adult,SCMS from RDC,SKU0044,"Lamivudine/Nevirapine/Stavudine 150/200/30mg, tablets, 60 Tabs",Generic,60,53546,396240.4,7.4,0.12,"Cipla, Goa, India",5467,18941.31,633.98
10597,Zimbabwe,PMO - US,From RDC,N/A - From RDC,Truck,18-Sep-07,18-Sep-07,ARV,Adult,SCMS from RDC,SKU0098,"Lamivudine/Stavudine 150/30mg, tablets, 30 Tabs",Generic,30,537,1074,2,0.07,"Cipla, Goa, India",143,2099,1.72
10600,Uganda,PMO - US,From RDC,N/A - From RDC,Air,5-Nov-07,5-Nov-07,ARV,Adult,SCMS from RDC,SKU0044,"Lamivudine/Nevirapine/Stavudine 150/200/30mg, tablets, 60 Tabs",Generic,60,1953,14452.2,7.4,0.12,"Cipla, Goa, India",283,1673,23.12
10610,Côte d'Ivoire,PMO - US,From RDC,N/A - From RDC,,31-Aug-07,31-Aug-07,ARV,Adult,SCMS from RDC,SKU0052,"Ritonavir 100mg [Norvir], capsules, cool, 4 x 84 Caps",Norvir,336,245,9398.2,38.36,0.11,ABBVIE (Abbott) France,1468,4602.4,15.04
10612,Côte d'Ivoire,PMO - US,From RDC,N/A - From RDC,,4-Sep-07,4-Sep-07,ARV,Adult,SCMS from RDC,SKU0026,"Efavirenz 600mg, tablets, 30 Tabs",Generic,30,24265,394548.9,16.26,0.54,"Strides, Bangalore, India.",2518,6667,631.28
10613,Ethiopia,PMO - US,From RDC,N/A - From RDC,,4-Sep-07,4-Sep-07,ARV,Pediatric,SCMS from RDC,SKU0005,"Zidovudine 10mg/ml, oral solution, Bottle, 240 ml",Generic,240,13850,29777.5,2.15,0.01,"Aurobindo Unit III, India",35216,88801,47.64
10614,Côte d'Ivoire,PMO - US,From RDC,N/A - From RDC,,21-Sep-07,21-Sep-07,ARV,Adult,SCMS from RDC,SKU0011,"Lamivudine/Zidovudine 150/300mg, tablets, 60 Tabs",Generic,60,11803,126056.04,10.68,0.18,"Aurobindo Unit III, India",1148,2762,201.69
10616,Zambia,PMO - US,From RDC,N/A - From RDC,,31-Aug-07,31-Aug-07,ARV,Adult,SCMS from RDC,SKU0008,"Lopinavir/Ritonavir 200/50mg [Aluvia], tablets, 120 Tabs",Aluvia,120,3769,154905.9,41.1,0.34,ABBVIE Ludwigshafen Germany,821,4068.44,247.85
10647,Zimbabwe,PMO - US,From RDC,N/A - From RDC,Air,5-Feb-08,5-Feb-08,ARV,Adult,SCMS from RDC,SKU0026,"Efavirenz 600mg, tablets, 30 Tabs",Generic,30,1860,23101.2,12.42,0.41,"Cipla, Goa, India",2425,13356.65,36.96
10622,Zambia,PMO - US,From RDC,N/A - From RDC,,17-Oct-07,17-Oct-07,HRDT,HIV test,SCMS from RDC,SKU0002,"HIV 1/2, Determine Complete HIV Kit, 100 Tests",Determine,100,1128,90240,80,0.8,ABBVIE GmbH & Co.KG Wiesbaden,629,2938.27,144.38
10623,Nigeria,PMO - US,From RDC,N/A - From RDC,Air,20-Sep-07,20-Sep-07,ARV,Adult,SCMS from RDC,SKU0095,"Lamivudine/Zidovudine+Nevirapine 150/300+200mg, tablets, co-blister, 60+60 Tabs",Generic,120,9980,204590,20.5,0.17,"Aspen-OSD, Port Elizabeth, SA",2846,13873,327.34
10624,Nigeria,PMO - US,From RDC,N/A - From RDC,Air,20-Sep-07,20-Sep-07,ARV,Adult,SCMS from RDC,SKU0044,"Lamivudine/Nevirapine/Stavudine 150/200/30mg, tablets, 60 Tabs",Generic,60,222,1665,7.5,0.12,"Cipla, Goa, India",See DN-373 (ID#:10623),See DN-373 (ID#:10623),2.66
10625,Nigeria,PMO - US,From RDC,N/A - From RDC,Air,20-Sep-07,20-Sep-07,ARV,Adult,SCMS from RDC,SKU0099,"Lamivudine/Nevirapine/Stavudine 150/200/40mg, tablets, 60 Tabs",Generic,60,1132,8716.4,7.7,0.13,"Cipla, Goa, India",See DN-373 (ID#:10623),See DN-373 (ID#:10623),13.95
10626,Nigeria,PMO - US,From RDC,N/A - From RDC,Air,20-Sep-07,20-Sep-07,ARV,Pediatric,SCMS from RDC,SKU0005,"Zidovudine 10mg/ml, oral solution, Bottle, 240 ml",Generic,240,1653,6529.35,3.95,0.02,"Aurobindo Unit III, India",See DN-373 (ID#:10623),See DN-373 (ID#:10623),10.45
10628,Côte d'Ivoire,PMO - US,From RDC,N/A - From RDC,Air,2-Oct-07,2-Oct-07,HRDT,HIV test,SCMS from RDC,SKU0002,"HIV 1/2, Determine Complete HIV Kit, 100 Tests",Determine,100,1150,82800,72,0.72,Inverness Japan,476,2172,132.48
10630,Zambia,PMO - US,From RDC,N/A - From RDC,Air,13-Nov-07,13-Nov-07,ARV,Adult,SCMS from RDC,SKU0053,"Emtricitabine/Tenofovir Disoproxil Fumarate 200/300mg [Truvada], tablets, 30 Tabs",Truvada,30,3360,88200,26.25,0.88,Gilead(Nycomed) Oranienburg DE,281,1532.41,141.12
10631,Nigeria,PMO - US,From RDC,N/A - From RDC,Air,1-Nov-07,1-Nov-07,ARV,Adult,SCMS from RDC,SKU0004,"Stavudine 30mg, capsules, 60 Caps",Generic,60,1500,2280,1.52,0.03,"Aurobindo Unit III, India",178,1621,3.65
10632,Zambia,PMO - US,From RDC,N/A - From RDC,Air,2-Nov-07,2-Nov-07,ARV,Adult,SCMS from RDC,SKU0011,"Lamivudine/Zidovudine 150/300mg, tablets, 60 Tabs",Generic,60,40245,382327.5,9.5,0.16,"Cipla, Goa, India",3254,13267.3,611.72
10633,Mozambique,PMO - US,From RDC,N/A - From RDC,Air,29-Nov-07,29-Nov-07,ARV,Adult,SCMS from RDC,SKU0011,"Lamivudine/Zidovudine 150/300mg, tablets, 60 Tabs",Generic,60,10044,95418,9.5,0.16,"Cipla, Goa, India",7341,10879.28,152.67
10634,Nigeria,PMO - US,From RDC,N/A - From RDC,Air,9-Nov-07,9-Nov-07,ARV,Adult,SCMS from RDC,SKU0054,"Lamivudine/Nevirapine/Zidovudine 150/200/300mg, tablets, 60 Tabs",Generic,60,7436,100386,13.5,0.22,"Aurobindo Unit III, India",962,5180,160.62
10636,Zambia,PMO - US,From RDC,N/A - From RDC,Truck,21-Feb-08,21-Feb-08,ARV,Adult,SCMS from RDC,SKU0007,"Nevirapine 200mg, tablets, 60 Tabs",Generic,60,72333,245932.2,3.4,0.06,Hetero Unit III Hyderabad IN,4957,15220.18,393.49
10637,Ethiopia,PMO - US,From RDC,N/A - From RDC,Air,26-Nov-07,26-Nov-07,ARV,Pediatric,SCMS from RDC,SKU0076,"Stavudine 1mg/ml, powder for oral solution, 200 ml",Generic,200,7294,10211.6,1.4,0.01,"Aurobindo Unit III, India",753,8004,16.34
10639,Haiti,PMO - US,From RDC,N/A - From RDC,Air,31-Dec-07,31-Dec-07,HRDT,HIV test,SCMS from RDC,SKU0017,"HIV 1/2, Determine HIV Kit, without Lancets, 100 Tests",Determine,100,10,720,72,0.72,Inverness Japan,6,2219.44,1.15
10640,Haiti,PMO - US,From RDC,N/A - From RDC,Air,22-Jan-08,22-Jan-08,ARV,Pediatric,SCMS from RDC,SKU0048,"Lamivudine 10mg/ml, oral solution, Bottle, 240 ml",Generic,240,2000,3940,1.97,0.01,"Aurobindo Unit III, India",4213,38515.8,6.3
10641,Haiti,PMO - US,From RDC,N/A - From RDC,Air,22-Jan-08,22-Jan-08,ARV,Adult,SCMS from RDC,SKU0003,"Lamivudine 150mg, tablets, 60 Tabs",Generic,60,5000,15200,3.04,0.05,"Aurobindo Unit III, India",See DN-445 (ID#:10640),See DN-445 (ID#:10640),24.32
10642,Nigeria,PMO - US,From RDC,N/A - From RDC,Air,3-Dec-07,3-Dec-07,ARV,Adult,SCMS from RDC,SKU0054,"Lamivudine/Nevirapine/Zidovudine 150/200/300mg, tablets, 60 Tabs",Generic,60,12984,266172,20.5,0.34,"Aurobindo Unit III, India",3286,18208,425.88
10643,Zambia,PMO - US,From RDC,N/A - From RDC,,7-Dec-07,7-Dec-07,ARV,Adult,SCMS from RDC,SKU0044,"Lamivudine/Nevirapine/Stavudine 150/200/30mg, tablets, 60 Tabs",Generic,60,14052,103984.8,7.4,0.12,"Cipla, Goa, India",1420,5780.2,166.38
10644,Zambia,PMO - US,From RDC,N/A - From RDC,,6-Dec-07,6-Dec-07,ARV,Pediatric,SCMS from RDC,SKU0049,"Efavirenz 50mg, capsule, 30 Caps",Generic,30,3690,10147.5,2.75,0.09,"Aurobindo Unit III, India",226,1370.28,16.24
10648,Côte d'Ivoire,PMO - US,From RDC,N/A - From RDC,Air,14-Dec-07,14-Dec-07,ARV,Adult,SCMS from RDC,SKU0078,"Abacavir/Lamivudine/Zidovudine 300/150/300mg [Trizivir], tablets, 60 Tabs",Trizivir,60,1847,129290,70,1.17,GSK Ware (UK),271,1700,206.86
10650,Botswana,PMO - US,From RDC,N/A - From RDC,Air,12-Mar-08,12-Mar-08,HRDT,HIV test,SCMS from RDC,SKU0009,"HIV 1/2, Uni-Gold HIV Kit, 20 Tests",Uni-Gold,20,100,3200,32,1.6,"Trinity Biotech, Plc",35,861,5.12
10651,Mozambique,PMO - US,From RDC,N/A - From RDC,Air,8-Apr-08,5-Apr-08,ARV,Adult,SCMS from RDC,SKU0004,"Stavudine 30mg, capsules, 60 Caps",Generic,60,120,182.4,1.52,0.03,"Aurobindo Unit III, India",5092,8118.64,0.29
10652,Zimbabwe,PMO - US,From RDC,N/A - From RDC,Air,14-Jan-08,14-Jan-08,ARV,Adult,SCMS from RDC,SKU0026,"Efavirenz 600mg, tablets, 30 Tabs",Generic,30,1860,23101.2,12.42,0.41,"Cipla, Goa, India",4091,12130.9,36.96
10653,Mozambique,PMO - US,From RDC,N/A - From RDC,Air,18-Apr-08,18-Apr-08,ARV,Pediatric,SCMS from RDC,SKU0048,"Lamivudine 10mg/ml, oral solution, Bottle, 240 ml",Generic,240,2744,6695.36,2.44,0.01,"Aurobindo Unit III, India",998,3894.6,10.71
10654,Mozambique,PMO - US,From RDC,N/A - From RDC,Air,8-Apr-08,5-Apr-08,ARV,Adult,SCMS from RDC,SKU0098,"Lamivudine/Stavudine 150/30mg, tablets, 30 Tabs",Generic,30,52240,104480,2,0.07,"Cipla, Goa, India",4230,8771.34,167.17
10656,Zambia,PMO - US,From RDC,N/A - From RDC,,15-Jan-08,15-Jan-08,HRDT,HIV test,SCMS from RDC,SKU0017,"HIV 1/2, Determine HIV Kit, without Lancets, 100 Tests",Determine,100,2100,151179,71.99,0.72,Inverness Japan,498,2292.6,241.89
10658,Nigeria,PMO - US,From RDC,N/A - From RDC,Air,9-Jan-08,9-Jan-08,ARV,Adult,SCMS from RDC,SKU0011,"Lamivudine/Zidovudine 150/300mg, tablets, 60 Tabs",Generic,60,367,3486.5,9.5,0.16,"Aurobindo Unit III, India",447,2230,5.58
10660,Rwanda,PMO - US,From RDC,N/A - From RDC,Air,28-Jan-08,28-Jan-08,HRDT,HIV test - Ancillary,SCMS from RDC,SKU0022,"HIV, Lancet, Safety, for HIV Test kits, 100 Pcs",Generic,100,2093,20.93,0.01,0,Inverness Japan,609,12977.28,0.03
10662,Tanzania,PMO - US,From RDC,N/A - From RDC,Air,6-Feb-08,6-Feb-08,ARV,Adult,SCMS from RDC,SKU0011,"Lamivudine/Zidovudine 150/300mg, tablets, 60 Tabs",Generic,60,9476,90022,9.5,0.16,"Aurobindo Unit III, India",1008,4207.4,144.04
10663,Guyana,PMO - US,From RDC,N/A - From RDC,Air,24-Jan-08,24-Jan-08,ARV,Adult,SCMS from RDC,SKU0026,"Efavirenz 600mg, tablets, 30 Tabs",Generic,30,5670,70421.4,12.42,0.41,"Strides, Bangalore, India.",441,6141.25,112.67
10664,Côte d'Ivoire,PMO - US,From RDC,N/A - From RDC,Air,17-Jan-08,17-Jan-08,HRDT,HIV test,SCMS from RDC,SKU0100,"HIV 2, New LAV Blot 2 HIV Kit, 18 Tests",LAV,18,9,2773.53,308.17,17.12,Bio-Rad Laboratories,13,1148,4.44
10665,Côte d'Ivoire,PMO - US,From RDC,N/A - From RDC,Air,28-Dec-07,28-Dec-07,ARV,Pediatric,SCMS from RDC,SKU0001,"Nevirapine 10mg/ml, oral suspension, Bottle, 240 ml",Generic,240,475,912,1.92,0.01,"Aurobindo Unit III, India",170,1301,1.46
10666,Zambia,PMO - US,From RDC,N/A - From RDC,,12-Feb-08,12-Feb-08,ARV,Adult,SCMS from RDC,SKU0026,"Efavirenz 600mg, tablets, 30 Tabs",Generic,30,44135,548156.7,12.42,0.41,Mylan (formerly Matrix) Nashik,3462,12569.92,877.05
10667,Côte d'Ivoire,PMO - US,From RDC,N/A - From RDC,Air,5-Feb-08,5-Feb-08,ARV,Pediatric,SCMS from RDC,SKU0076,"Stavudine 1mg/ml, powder for oral solution, 200 ml",Generic,200,5900,8260,1.4,0.01,"Aurobindo Unit III, India",2093,5962.31,13.22
10669,Uganda,PMO - US,From RDC,N/A - From RDC,,6-Mar-08,6-Mar-08,ARV,Adult,SCMS from RDC,SKU0053,"Emtricitabine/Tenofovir Disoproxil Fumarate 200/300mg [Truvada], tablets, 30 Tabs",Truvada,30,656,17220,26.25,0.88,"Aspen-OSD, Port Elizabeth, SA",58,794.22,27.55
10670,Uganda,PMO - US,From RDC,N/A - From RDC,,28-Feb-08,28-Feb-08,ARV,Adult,SCMS from RDC,SKU0044,"Lamivudine/Nevirapine/Stavudine 150/200/30mg, tablets, 60 Tabs",Generic,60,93,688.2,7.4,0.12,"Cipla, Goa, India",311,1430.22,1.1
10671,Mozambique,PMO - US,From RDC,N/A - From RDC,Air,29-Feb-08,29-Feb-08,HRDT,HIV test,SCMS from RDC,SKU0017,"HIV 1/2, Determine HIV Kit, without Lancets, 100 Tests",Determine,100,4300,309557,71.99,0.72,Inverness Japan,1017,519.71,495.29
10672,Mozambique,PMO - US,From RDC,N/A - From RDC,Air,10-Mar-08,10-Mar-08,ARV,Adult,SCMS from RDC,SKU0003,"Lamivudine 150mg, tablets, 60 Tabs",Generic,60,2106,6402.24,3.04,0.05,"Ranbaxy, Paonta Shahib, India",113,919.2,10.24
10673,Zambia,PMO - US,From RDC,N/A - From RDC,Truck,29-Jul-08,29-Jul-08,ARV,Adult,SCMS from RDC,SKU0044,"Lamivudine/Nevirapine/Stavudine 150/200/30mg, tablets, 60 Tabs",Generic,60,50000,360000,7.2,0.12,"Strides, Bangalore, India.",3679,5014.65,576
10674,Tanzania,PMO - US,From RDC,N/A - From RDC,Air,29-Jul-08,29-Jul-08,ARV,Adult,SCMS from RDC,SKU0007,"Nevirapine 200mg, tablets, 60 Tabs",Generic,60,1300,4420,3.4,0.06,"Ranbaxy, Paonta Shahib, India",16709,15210,7.07
10675,Pakistan,PMO - US,From RDC,N/A - From RDC,Air,19-May-08,19-May-08,HRDT,HIV test,SCMS from RDC,SKU0017,"HIV 1/2, Determine HIV Kit, without Lancets, 100 Tests",Determine,100,20,1439.8,71.99,0.72,Inverness Japan,Weight Captured Separately,Invoiced Separately,2.3
10676,Nigeria,PMO - US,From RDC,N/A - From RDC,Air,20-May-08,20-May-08,ARV,Adult,SCMS from RDC,SKU0054,"Lamivudine/Nevirapine/Zidovudine 150/200/300mg, tablets, 60 Tabs",Generic,60,3226,42841.28,13.28,0.22,"Aurobindo Unit III, India",359,2750.89,68.55
10677,Namibia,PMO - US,From RDC,N/A - From RDC,Air,19-Jun-08,19-Jun-08,ARV,Adult,SCMS from RDC,SKU0026,"Efavirenz 600mg, tablets, 30 Tabs",Generic,30,24320,292083.2,12.01,0.4,"Aurobindo Unit III, India",2094,4528.5,467.33
10678,Zambia,PMO - US,From RDC,N/A - From RDC,Truck,29-Jul-08,29-Jul-08,ARV,Adult,SCMS from RDC,SKU0011,"Lamivudine/Zidovudine 150/300mg, tablets, 60 Tabs",Generic,60,14124,133471.8,9.45,0.16,"Cipla, Goa, India",2115,2882.85,213.55
10679,Kenya,PMO - US,From RDC,N/A - From RDC,Truck,31-Mar-08,31-Mar-08,HRDT,HIV test,SCMS from RDC,SKU0101,"HIV, Bioline HIV 1/2 3.0 Kit, [DON] 25 Tests",Bioline,25,3,0.03,0.01,0,"Standard Diagnostics, Korea",3,99,0
10680,Kenya,PMO - US,From RDC,N/A - From RDC,Truck,30-May-08,30-May-08,HRDT,HIV test,SCMS from RDC,SKU0101,"HIV, Bioline HIV 1/2 3.0 Kit, [DON] 25 Tests",Bioline,25,997,9.97,0.01,0,"Standard Diagnostics, Korea",399,417.42,0.02
10681,Zimbabwe,PMO - US,From RDC,N/A - From RDC,Truck,9-Jun-08,9-Jun-08,ARV,Adult,SCMS from RDC,SKU0098,"Lamivudine/Stavudine 150/30mg, tablets, 30 Tabs",Generic,30,1600,3200,2,0.07,"Cipla, Goa, India",96,2145.17,5.12
10682,Côte d'Ivoire,PMO - US,From RDC,N/A - From RDC,Air,27-Mar-08,27-Mar-08,ARV,Adult,SCMS from RDC,SKU0058,"Abacavir 300mg, tablets, 60 Tabs",Generic,60,374,10296.22,27.53,0.46,"Aurobindo Unit III, India",1118,2810.58,16.47
10683,Haiti,PMO - US,From RDC,N/A - From RDC,Air,27-May-08,27-May-08,ARV,Pediatric,SCMS from RDC,SKU0001,"Nevirapine 10mg/ml, oral suspension, Bottle, 240 ml",Generic,240,5056,9707.52,1.92,0.01,"Aurobindo Unit III, India",2166,22956,15.53
10684,Haiti,PMO - US,From RDC,N/A - From RDC,Air,2-Jun-08,2-Jun-08,ARV,Adult,SCMS from RDC,SKU0004,"Stavudine 30mg, capsules, 60 Caps",Generic,60,4725,7182,1.52,0.03,"Aurobindo Unit III, India",1154,12508.65,11.49
10685,Ethiopia,PMO - US,From RDC,N/A - From RDC,,25-Mar-08,25-Mar-08,ARV,Adult,SCMS from RDC,SKU0004,"Stavudine 30mg, capsules, 60 Caps",Generic,60,51293,77965.36,1.52,0.03,"Aurobindo Unit III, India",3371,11862.2,124.74
10686,Nigeria,PMO - US,From RDC,N/A - From RDC,Air,16-Jul-08,16-Jul-08,ARV,Adult,SCMS from RDC,SKU0026,"Efavirenz 600mg, tablets, 30 Tabs",Generic,30,11527,138439.27,12.01,0.4,"Aurobindo Unit III, India",1994,10231.84,221.5
10687,Kenya,PMO - US,From RDC,N/A - From RDC,Truck,27-Feb-08,27-Feb-08,HRDT,HIV test,SCMS from RDC,SKU0019,"HIV 1/2, Bioline 3.0 Kit, Lancets, Capillary pipets, Alcohol swabs included, 25 Tests",Bioline,25,270,5400,20,0.8,"Standard Diagnostics, Korea",97,98.08,8.64
10688,Haiti,PMO - US,From RDC,N/A - From RDC,Air,26-May-08,26-May-08,ARV,Adult,SCMS from RDC,SKU0007,"Nevirapine 200mg, tablets, 60 Tabs",Generic,60,11760,39984,3.4,0.06,"Aurobindo Unit III, India",3820,35933.8,63.97
10689,Côte d'Ivoire,PMO - US,From RDC,N/A - From RDC,Air,2-Jun-08,2-Jun-08,ARV,Pediatric,SCMS from RDC,SKU0071,"Abacavir 20mg/ml, oral solution, Bottle, 240 ml",Generic,240,1664,27456,16.5,0.07,"Aurobindo Unit III, India",905,10451.25,43.93
10690,Zambia,PMO - US,From RDC,N/A - From RDC,Truck,17-Jun-08,17-Jun-08,ARV,Adult,SCMS from RDC,SKU0098,"Lamivudine/Stavudine 150/30mg, tablets, 30 Tabs",Generic,30,42768,85536,2,0.07,"Cipla, Goa, India",2493,4887.18,136.86
10691,Haiti,PMO - US,From RDC,N/A - From RDC,Air,3-Apr-08,3-Apr-08,HRDT,HIV test,SCMS from RDC,SKU0017,"HIV 1/2, Determine HIV Kit, without Lancets, 100 Tests",Determine,100,10,720,72,0.72,Inverness Japan,12,785.88,1.15
10692,Haiti,PMO - US,From RDC,N/A - From RDC,Air,3-Apr-08,3-Apr-08,HRDT,HIV test,SCMS from RDC,SKU0017,"HIV 1/2, Determine HIV Kit, without Lancets, 100 Tests",Determine,100,10,720,72,0.72,Inverness Japan,See DN-686 (ID#:10691),See DN-686 (ID#:10691),1.15
10693,Uganda,PMO - US,From RDC,N/A - From RDC,Air,19-Mar-08,19-Mar-08,ARV,Adult,SCMS from RDC,SKU0026,"Efavirenz 600mg, tablets, 30 Tabs",Generic,30,2060,25585.2,12.42,0.41,"Aurobindo Unit III, India",196,1381.7,40.94
10694,Namibia,PMO - US,From RDC,N/A - From RDC,Air,5-Mar-08,5-Mar-08,HRDT,HIV test,SCMS from RDC,SKU0009,"HIV 1/2, Uni-Gold HIV Kit, 20 Tests",Uni-Gold,20,737,23584,32,1.6,"Trinity Biotech, Plc",231,5491.08,37.73
10695,Côte d'Ivoire,PMO - US,From RDC,N/A - From RDC,,3-Mar-08,3-Mar-08,HRDT,HIV test - Ancillary,SCMS from RDC,SKU0022,"HIV, Lancet, Safety, for HIV Test kits, 100 Pcs",Generic,100,1505,15.05,0.01,0,Inverness Japan,440,1759.4,0.02
10696,Tanzania,PMO - US,From RDC,N/A - From RDC,Air,9-Jul-08,9-Jul-08,ARV,Adult,SCMS from RDC,SKU0058,"Abacavir 300mg, tablets, 60 Tabs",Generic,60,5730,157746.9,27.53,0.46,"Aurobindo Unit III, India",569,886.35,252.4
10697,Zimbabwe,PMO - US,From RDC,N/A - From RDC,Air,30-Mar-08,30-Mar-08,ARV,Adult,SCMS from RDC,SKU0098,"Lamivudine/Stavudine 150/30mg, tablets, 30 Tabs",Generic,30,1600,3200,2,0.07,"Cipla, Goa, India",4252,15696.7,5.12
10698,Côte d'Ivoire,PMO - US,From RDC,N/A - From RDC,Air,6-Mar-08,6-Mar-08,ARV,Adult,SCMS from RDC,SKU0044,"Lamivudine/Nevirapine/Stavudine 150/200/30mg, tablets, 60 Tabs",Generic,60,12833,94964.2,7.4,0.12,"Cipla, Goa, India",1316,3056.96,151.94
10700,Côte d'Ivoire,PMO - US,From RDC,N/A - From RDC,Air,19-Feb-08,19-Feb-08,ARV,Adult,SCMS from RDC,SKU0011,"Lamivudine/Zidovudine 150/300mg, tablets, 60 Tabs",Generic,60,20284,192698,9.5,0.16,"Aurobindo Unit III, India",1897,3826.17,308.32
10702,Zambia,PMO - US,From RDC,N/A - From RDC,,8-May-08,8-May-08,ARV,Adult,SCMS from RDC,SKU0053,"Emtricitabine/Tenofovir Disoproxil Fumarate 200/300mg [Truvada], tablets, 30 Tabs",Truvada,30,43154,1132792.5,26.25,0.88,"Aspen-OSD, Port Elizabeth, SA",3788,1910.61,1812.47
10703,Namibia,PMO - US,From RDC,N/A - From RDC,Air,10-Apr-08,10-Apr-08,ARV,Adult,SCMS from RDC,SKU0026,"Efavirenz 600mg, tablets, 30 Tabs",Generic,30,2100,25221,12.01,0.4,"Aurobindo Unit III, India",181,690.39,40.35
10704,Haiti,PMO - US,From RDC,N/A - From RDC,Air,27-Jun-08,27-Jun-08,ARV,Adult,SCMS from RDC,SKU0014,"Zidovudine 300mg, tablets, 60 Tabs",Generic,60,3150,25672.5,8.15,0.14,"Aurobindo Unit III, India",181,2944.21,41.08
10705,Haiti,PMO - US,From RDC,N/A - From RDC,Air,2-Apr-08,2-Apr-08,ARV,Adult,SCMS from RDC,SKU0003,"Lamivudine 150mg, tablets, 60 Tabs",Generic,60,10283,29923.53,2.91,0.05,"Aurobindo Unit III, India",519,5974.7,47.88
10706,Haiti,PMO - US,From RDC,N/A - From RDC,Air,14-Apr-08,14-Apr-08,ARV,Adult,SCMS from RDC,SKU0008,"Lopinavir/Ritonavir 200/50mg [Aluvia], tablets, 120 Tabs",Aluvia,120,389,15987.9,41.1,0.34,ABBVIE Ludwigshafen Germany,4639,47525.69,25.58
10707,Zambia,PMO - US,From RDC,N/A - From RDC,,9-May-08,9-May-08,ARV,Adult,SCMS from RDC,SKU0011,"Lamivudine/Zidovudine 150/300mg, tablets, 60 Tabs",Generic,60,40320,381024,9.45,0.16,"Aurobindo Unit III, India",3750,1891.44,609.64
10708,Tanzania,PMO - US,From RDC,N/A - From RDC,Air,1-Jul-08,1-Jul-08,ARV,Adult,SCMS from RDC,SKU0003,"Lamivudine 150mg, tablets, 60 Tabs",Generic,60,23230,67599.3,2.91,0.05,"Aurobindo Unit III, India",1156,6308.6,108.16
10709,Côte d'Ivoire,PMO - US,From RDC,N/A - From RDC,Air,3-Dec-08,3-Dec-08,ARV,Pediatric,SCMS from RDC,SKU0005,"Zidovudine 10mg/ml, oral solution, Bottle, 240 ml",Generic,240,1200,2520,2.1,0.01,"Aurobindo Unit III, India",448,2605.77,4.94
10710,Nigeria,PMO - US,From RDC,N/A - From RDC,Truck,19-Jan-09,19-Jan-09,ARV,Adult,SCMS from RDC,SKU0004,"Stavudine 30mg, capsules, 60 Caps",Generic,60,858,1329.9,1.55,0.03,"Aurobindo Unit III, India",58,7363.73,2.61
10711,Uganda,PMO - US,From RDC,N/A - From RDC,Air,2-Apr-09,2-Apr-09,ARV,Adult,SCMS from RDC,SKU0011,"Lamivudine/Zidovudine 150/300mg, tablets, 60 Tabs",Generic,60,3505,32771.75,9.35,0.16,"Aurobindo Unit III, India",6556,5401.95,64.23
10712,Mozambique,PMO - US,From RDC,N/A - From RDC,Air,21-Feb-09,21-Feb-09,ARV,Adult,SCMS from RDC,SKU0044,"Lamivudine/Nevirapine/Stavudine 150/200/30mg, tablets, 60 Tabs",Generic,60,125000,900000,7.2,0.12,"Strides, Bangalore, India.",9228,3671.92,1764
10714,Mozambique,PMO - US,From RDC,N/A - From RDC,Air,26-Feb-09,21-Feb-09,ARV,Adult,SCMS from RDC,SKU0044,"Lamivudine/Nevirapine/Stavudine 150/200/30mg, tablets, 60 Tabs",Generic,60,32067,230882.4,7.2,0.12,"Strides, Bangalore, India.",2382,3671.92,452.53
10715,Zambia,PMO - US,From RDC,N/A - From RDC,Truck,21-Oct-08,21-Oct-08,ARV,Adult,SCMS from RDC,SKU0007,"Nevirapine 200mg, tablets, 60 Tabs",Generic,60,29011,98637.4,3.4,0.06,"Aurobindo Unit III, India",2717,4060.55,193.33
10716,Uganda,PMO - US,From RDC,N/A - From RDC,Air,19-Feb-09,19-Feb-09,ARV,Adult,SCMS from RDC,SKU0026,"Efavirenz 600mg, tablets, 30 Tabs",Generic,30,1747,19217,11,0.37,"Aurobindo Unit III, India",152,1340.96,37.67
10717,Rwanda,PMO - US,From RDC,N/A - From RDC,Air,16-Mar-09,16-Mar-09,ARV,Adult,SCMS from RDC,SKU0007,"Nevirapine 200mg, tablets, 60 Tabs",Generic,60,7425,23760,3.2,0.05,Hetero Unit III Hyderabad IN,404,5637.82,46.57
10718,Zimbabwe,PMO - US,From RDC,N/A - From RDC,Truck,26-Jul-08,26-Jul-08,HRDT,HIV test,SCMS from RDC,SKU0019,"HIV 1/2, Bioline 3.0 Kit, Lancets, Capillary pipets, Alcohol swabs included, 25 Tests",Bioline,25,307,6140,20,0.8,"Standard Diagnostics, Korea",1368,5663,9.82
10719,Mozambique,PMO - US,From RDC,N/A - From RDC,Truck,14-Nov-08,14-Nov-08,ARV,Adult,SCMS from RDC,SKU0044,"Lamivudine/Nevirapine/Stavudine 150/200/30mg, tablets, 60 Tabs",Generic,60,125010,900072,7.2,0.12,"Strides, Bangalore, India.",3918,1012.43,1440.12
10720,Nigeria,PMO - US,From RDC,N/A - From RDC,Air,31-Aug-08,31-Aug-08,ARV,Adult,SCMS from RDC,SKU0011,"Lamivudine/Zidovudine 150/300mg, tablets, 60 Tabs",Generic,60,45000,420750,9.35,0.16,Mylan (formerly Matrix) Nashik,3657,23070.58,673.2
10721,Nigeria,PMO - US,From RDC,N/A - From RDC,Air,28-Sep-08,28-Sep-08,ARV,Adult,SCMS from RDC,SKU0038,"Efavirenz/Emtricitabine/Tenofovir Disoproxil Fumarate 600/200/300mg [Atripla], tablets, 30 Tabs",Atripla,30,1000,50400,50.4,1.68,"MSD, Haarlem, NL",108,13353.34,80.64
10722,Nigeria,PMO - US,From RDC,N/A - From RDC,Air,10-Sep-08,10-Sep-08,ARV,Adult,SCMS from RDC,SKU0053,"Emtricitabine/Tenofovir Disoproxil Fumarate 200/300mg [Truvada], tablets, 30 Tabs",Truvada,30,6000,157500,26.25,0.88,"Aspen-OSD, Port Elizabeth, SA",1566,10624.04,252
10723,Haiti,PMO - US,From RDC,N/A - From RDC,Air,6-Oct-08,6-Oct-08,ARV,Pediatric,SCMS from RDC,SKU0005,"Zidovudine 10mg/ml, oral solution, Bottle, 240 ml",Generic,240,9187,19292.7,2.1,0.01,"Aurobindo Unit III, India",3435,40301.65,30.87
10724,Ethiopia,PMO - US,From RDC,N/A - From RDC,Air,12-Dec-08,12-Dec-08,ARV,Adult,SCMS from RDC,SKU0011,"Lamivudine/Zidovudine 150/300mg, tablets, 60 Tabs",Generic,60,31000,271560,8.76,0.15,"Aurobindo Unit III, India",1787,10073.76,532.26
10726,Zambia,PMO - US,From RDC,N/A - From RDC,Truck,7-Nov-08,7-Nov-08,ARV,Adult,SCMS from RDC,SKU0007,"Nevirapine 200mg, tablets, 60 Tabs",Generic,60,50000,170000,3.4,0.06,Hetero Unit III Hyderabad IN,2764,2938.92,333.2
10727,Nigeria,PMO - US,From RDC,N/A - From RDC,Air,22-Sep-08,22-Sep-08,ARV,Adult,SCMS from RDC,SKU0007,"Nevirapine 200mg, tablets, 60 Tabs",Generic,60,2066,7024.4,3.4,0.06,"Aurobindo Unit III, India",451,3487.94,11.24
10728,Nigeria,PMO - US,From RDC,N/A - From RDC,Air,22-Sep-08,22-Sep-08,ARV,Adult,SCMS from RDC,SKU0011,"Lamivudine/Zidovudine 150/300mg, tablets, 60 Tabs",Generic,60,1894,17708.9,9.35,0.16,Mylan (formerly Matrix) Nashik,See DN-909 (ID#:10727),See DN-909 (ID#:10727),28.33
10731,Uganda,PMO - US,From RDC,N/A - From RDC,Air,4-Nov-08,4-Nov-08,ARV,Adult,SCMS from RDC,SKU0044,"Lamivudine/Nevirapine/Stavudine 150/200/30mg, tablets, 60 Tabs",Generic,60,2742,20290.8,7.4,0.12,"Strides, Bangalore, India.",204,3477,39.77
10732,Mozambique,PMO - US,From RDC,N/A - From RDC,Air,21-Feb-09,21-Feb-09,ARV,Adult,SCMS from RDC,SKU0054,"Lamivudine/Nevirapine/Zidovudine 150/200/300mg, tablets, 60 Tabs",Generic,60,13100,154580,11.8,0.2,"Aurobindo Unit III, India",6036,3671.92,302.98
10733,Mozambique,PMO - US,From RDC,N/A - From RDC,Air,5-Sep-08,5-Sep-08,ARV,Adult,SCMS from RDC,SKU0003,"Lamivudine 150mg, tablets, 60 Tabs",Generic,60,528,1536.48,2.91,0.05,"Aurobindo Unit III, India",4211,3227.48,2.46
10734,Tanzania,PMO - US,From RDC,N/A - From RDC,Air,15-Sep-08,15-Sep-08,ARV,Adult,SCMS from RDC,SKU0026,"Efavirenz 600mg, tablets, 30 Tabs",Generic,30,5000,60050,12.01,0.4,Mylan (formerly Matrix) Nashik,379,1188.97,96.08
10735,Mozambique,PMO - US,From RDC,N/A - From RDC,Air,18-Mar-09,18-Mar-09,ARV,Adult,SCMS from RDC,SKU0044,"Lamivudine/Nevirapine/Stavudine 150/200/30mg, tablets, 60 Tabs",Generic,60,115130,828936,7.2,0.12,"Strides, Bangalore, India.",8693,6757.33,1624.71
10736,Nigeria,PMO - US,From RDC,N/A - From RDC,Air,16-Feb-09,16-Feb-09,ARV,Adult,SCMS from RDC,SKU0011,"Lamivudine/Zidovudine 150/300mg, tablets, 60 Tabs",Generic,60,1116,10434.6,9.35,0.16,"Aurobindo Unit III, India",102,3680.33,20.45
10737,Ethiopia,PMO - US,From RDC,N/A - From RDC,Air,3-Mar-09,3-Mar-09,ARV,Adult,SCMS from RDC,SKU0026,"Efavirenz 600mg, tablets, 30 Tabs",Generic,30,28926,307194.12,10.62,0.35,Mylan (formerly Matrix) Nashik,4593,16901.37,602.1
10741,Tanzania,PMO - US,From RDC,N/A - From RDC,Truck,22-Aug-08,22-Aug-08,ARV,Adult,SCMS from RDC,SKU0011,"Lamivudine/Zidovudine 150/300mg, tablets, 60 Tabs",Generic,60,46163,436240.35,9.45,0.16,"Aurobindo Unit III, India",4237,3482.59,697.98
10743,Mozambique,PMO - US,From RDC,N/A - From RDC,Truck,10-Oct-08,10-Oct-08,ARV,Adult,SCMS from RDC,SKU0007,"Nevirapine 200mg, tablets, 60 Tabs",Generic,60,12040,38528,3.2,0.05,Hetero Unit III Hyderabad IN,677,1522.92,61.64
10744,Nigeria,PMO - US,From RDC,N/A - From RDC,Air,19-Sep-08,19-Sep-08,ARV,Adult,SCMS from RDC,SKU0053,"Emtricitabine/Tenofovir Disoproxil Fumarate 200/300mg [Truvada], tablets, 30 Tabs",Truvada,30,4,105,26.25,0.88,"Aspen-OSD, Port Elizabeth, SA",1,462.5,0.17
10745,Nigeria,PMO - US,From RDC,N/A - From RDC,Air,24-Sep-08,24-Sep-08,ARV,Adult,SCMS from RDC,SKU0003,"Lamivudine 150mg, tablets, 60 Tabs",Generic,60,1017,2949.3,2.9,0.05,"Aurobindo Unit III, India",892,13353.34,4.72
10746,Nigeria,PMO - US,From RDC,N/A - From RDC,Air,9-Feb-09,9-Feb-09,ARV,Adult,SCMS from RDC,SKU0044,"Lamivudine/Nevirapine/Stavudine 150/200/30mg, tablets, 60 Tabs",Generic,60,5217,38605.8,7.4,0.12,"Cipla, Goa, India",563,3852.55,75.67
10747,Nigeria,PMO - US,From RDC,N/A - From RDC,Air,29-Apr-09,29-Apr-09,ARV,Adult,SCMS from RDC,SKU0053,"Emtricitabine/Tenofovir Disoproxil Fumarate 200/300mg [Truvada], tablets, 30 Tabs",Truvada,30,17067,448008.75,26.25,0.88,"Aspen-OSD, Port Elizabeth, SA",1481,14974.4,878.1
10748,Uganda,PMO - US,From RDC,N/A - From RDC,Air,9-Jan-09,9-Jan-09,ARV,Adult,SCMS from RDC,SKU0054,"Lamivudine/Nevirapine/Zidovudine 150/200/300mg, tablets, 60 Tabs",Generic,60,6296,74292.8,11.8,0.2,"Aurobindo Unit III, India",822,7321.04,145.61
10749,Nigeria,PMO - US,From RDC,N/A - From RDC,Air,30-Oct-08,30-Oct-08,ARV,Adult,SCMS from RDC,SKU0026,"Efavirenz 600mg, tablets, 30 Tabs",Generic,30,2003,23475.16,11.72,0.39,"Aurobindo Unit III, India",181,18617.93,46.01
10750,Nigeria,PMO - US,From RDC,N/A - From RDC,Air,31-Oct-08,31-Oct-08,ARV,Adult,SCMS from RDC,SKU0008,"Lopinavir/Ritonavir 200/50mg [Aluvia], tablets, 120 Tabs",Aluvia,120,2034,83597.4,41.1,0.34,ABBVIE Ludwigshafen Germany,937,10990.36,163.85
10751,Zambia,PMO - US,From RDC,N/A - From RDC,Truck,21-Oct-08,21-Oct-08,ARV,Adult,SCMS from RDC,SKU0026,"Efavirenz 600mg, tablets, 30 Tabs",Generic,30,50000,600500,12.01,0.4,Mylan (formerly Matrix) Nashik,3775,4060.54,1176.98
10753,Nigeria,PMO - US,From RDC,N/A - From RDC,Air Charter,19-Mar-09,19-Mar-09,ARV,Adult,SCMS from RDC,SKU0054,"Lamivudine/Nevirapine/Zidovudine 150/200/300mg, tablets, 60 Tabs",Generic,60,4501,51311.4,11.4,0.19,"Aurobindo Unit III, India",506,22985.72,100.57
10754,Tanzania,PMO - US,From RDC,N/A - From RDC,Air,22-Aug-08,22-Aug-08,ARV,Adult,SCMS from RDC,SKU0026,"Efavirenz 600mg, tablets, 30 Tabs",Generic,30,145000,1741450,12.01,0.4,Mylan (formerly Matrix) Nashik,11186,9330,2786.32
10755,Mozambique,PMO - US,From RDC,N/A - From RDC,Air,14-Nov-08,14-Nov-08,ARV,Adult,SCMS from RDC,SKU0011,"Lamivudine/Zidovudine 150/300mg, tablets, 60 Tabs",Generic,60,3672,34333.2,9.35,0.16,"Aurobindo Unit III, India",3427,3874.22,54.93
10756,Mozambique,PMO - US,From RDC,N/A - From RDC,Air,14-May-09,14-May-09,ARV,Adult,SCMS from RDC,SKU0003,"Lamivudine 150mg, tablets, 60 Tabs",Generic,60,486,1409.4,2.9,0.05,Hetero Unit III Hyderabad IN,23,968.55,2.76
10759,Kenya,PMO - US,From RDC,N/A - From RDC,Truck,27-Apr-09,27-Apr-09,HRDT,HIV test,SCMS from RDC,SKU0086,"HIV 1/2, Bioline 3.0 Kit, (no accessories), 30 Tests",Bioline,30,5000,118500,23.7,0.79,"Standard Diagnostics, Korea",Weight Captured Separately,Invoiced Separately,232.26
10761,Nigeria,PMO - US,From RDC,N/A - From RDC,Air,30-Apr-09,30-Apr-09,ARV,Adult,SCMS from RDC,SKU0053,"Emtricitabine/Tenofovir Disoproxil Fumarate 200/300mg [Truvada], tablets, 30 Tabs",Truvada,30,3392,89040,26.25,0.88,"Aspen-OSD, Port Elizabeth, SA",298,2922.53,174.52
10763,Nigeria,PMO - US,From RDC,N/A - From RDC,Air Charter,8-May-09,8-May-09,ARV,Adult,SCMS from RDC,SKU0054,"Lamivudine/Nevirapine/Zidovudine 150/200/300mg, tablets, 60 Tabs",Generic,60,30415,346731,11.4,0.19,"Aurobindo Unit III, India",3415,15128.37,679.59
10764,Mozambique,PMO - US,From RDC,N/A - From RDC,Air,28-Jun-09,28-Jun-09,ARV,Adult,SCMS from RDC,SKU0044,"Lamivudine/Nevirapine/Stavudine 150/200/30mg, tablets, 60 Tabs",Generic,60,47392,341222.4,7.2,0.12,"Cipla, Goa, India",7113,3599.76,668.8
10765,Nigeria,PMO - US,From RDC,N/A - From RDC,Air Charter,8-May-09,8-May-09,ARV,Adult,SCMS from RDC,SKU0053,"Emtricitabine/Tenofovir Disoproxil Fumarate 200/300mg [Truvada], tablets, 30 Tabs",Truvada,30,2561,67226.25,26.25,0.88,"Aspen-OSD, Port Elizabeth, SA",235,15128.37,131.76
10766,Uganda,PMO - US,From RDC,N/A - From RDC,Air,1-Jun-09,1-Jun-09,ARV,Adult,SCMS from RDC,SKU0011,"Lamivudine/Zidovudine 150/300mg, tablets, 60 Tabs",Generic,60,3574,31308.24,8.76,0.15,Mylan (formerly Matrix) Nashik,14,1375.36,61.36
10767,Swaziland,PMO - US,From RDC,N/A - From RDC,Air,20-May-09,20-May-09,ARV,Adult,SCMS from RDC,SKU0026,"Efavirenz 600mg, tablets, 30 Tabs",Generic,30,2345,16063.25,6.85,0.23,Mylan (formerly Matrix) Nashik,239,2393.34,31.48
10768,Swaziland,PMO - US,From RDC,N/A - From RDC,Air,20-May-09,20-May-09,ARV,Pediatric,SCMS from RDC,SKU0066,"Efavirenz 200mg, capsule, 90 Caps",Generic,90,523,6657.79,12.73,0.14,"Aurobindo Unit III, India",See DN-1237 (ID#:10767),See DN-1237 (ID#:10767),13.05
10769,Ghana,PMO - US,From RDC,N/A - From RDC,Truck,12-Aug-09,12-Aug-09,ARV,Adult,SCMS from RDC,SKU0058,"Abacavir 300mg, tablets, 60 Tabs",Generic,60,6133,61.33,0.01,0,Mylan (formerly Matrix) Nashik,Weight Captured Separately,Invoiced Separately,0.12
10771,Côte d'Ivoire,PMO - US,From RDC,N/A - From RDC,Air,17-Jun-09,17-Jun-09,ARV,Adult,SCMS from RDC,SKU0007,"Nevirapine 200mg, tablets, 60 Tabs",Generic,60,5601,16803,3,0.05,"Aurobindo Unit III, India",545,2280.64,32.93
10774,Zambia,PMO - US,From RDC,N/A - From RDC,Truck,15-Jun-09,15-Jun-09,ARV,Adult,SCMS from RDC,SKU0014,"Zidovudine 300mg, tablets, 60 Tabs",Generic,60,500,3855,7.71,0.13,"Aurobindo Unit III, India",10681,17384.76,7.56
10776,Haiti,PMO - US,From RDC,N/A - From RDC,Air,18-Jun-09,18-Jun-09,ARV,Pediatric,SCMS from RDC,SKU0001,"Nevirapine 10mg/ml, oral suspension, Bottle, 240 ml",Generic,240,2208,4239.36,1.92,0.01,"Aurobindo Unit III, India",827,7789.88,8.31
10777,Zambia,PMO - US,From RDC,N/A - From RDC,Air,12-Jun-09,12-Jun-09,ARV,Adult,SCMS from RDC,SKU0014,"Zidovudine 300mg, tablets, 60 Tabs",Generic,60,6000,46260,7.71,0.13,"Aurobindo Unit III, India",341,2219.27,90.67
10779,Nigeria,PMO - US,From RDC,N/A - From RDC,Air Charter,16-Jun-09,16-Jun-09,ARV,Adult,SCMS from RDC,SKU0026,"Efavirenz 600mg, tablets, 30 Tabs",Generic,30,30000,291600,9.72,0.32,"Aurobindo Unit III, India",3364,7329.83,571.54
10780,Zambia,PMO - US,From RDC,N/A - From RDC,Air,24-Jun-09,24-Jun-09,ARV,Pediatric,SCMS from RDC,SKU0066,"Efavirenz 200mg, capsule, 90 Caps",Generic,90,1093,16679.18,15.26,0.17,"Aurobindo Unit III, India",133,1759.21,32.69
10781,Côte d'Ivoire,PMO - US,From RDC,N/A - From RDC,Air,14-Jul-09,14-Jul-09,ARV,Adult,SCMS from RDC,SKU0011,"Lamivudine/Zidovudine 150/300mg, tablets, 60 Tabs",Generic,60,10962,96027.12,8.76,0.15,"Aurobindo Unit III, India",2634,6111.21,188.21
10783,Mozambique,PMO - US,From RDC,N/A - From RDC,Air,17-Aug-09,17-Aug-09,ARV,Adult,SCMS from RDC,SKU0004,"Stavudine 30mg, capsules, 60 Caps",Generic,60,470,700.3,1.49,0.02,"Aurobindo Unit III, India",31,1047.04,1.37
10784,Côte d'Ivoire,PMO - US,From RDC,N/A - From RDC,Air,11-Aug-09,11-Aug-09,ARV,Adult,SCMS from RDC,SKU0058,"Abacavir 300mg, tablets, 60 Tabs",Generic,60,6930,176368.5,25.45,0.42,Mylan (formerly Matrix) Nashik,687,1854.88,345.68
10785,Mozambique,PMO - US,From RDC,N/A - From RDC,Truck,27-Aug-09,27-Aug-09,ARV,Adult,SCMS from RDC,SKU0044,"Lamivudine/Nevirapine/Stavudine 150/200/30mg, tablets, 60 Tabs",Generic,60,125000,890000,7.12,0.12,"Strides, Bangalore, India.",9290,2400.26,1744.4
10786,Zambia,PMO - US,From RDC,N/A - From RDC,Truck,4-Sep-09,4-Sep-09,ARV,Adult,SCMS from RDC,SKU0014,"Zidovudine 300mg, tablets, 60 Tabs",Generic,60,9700,74787,7.71,0.13,"Aurobindo Unit III, India",551,2448.71,146.58
10787,Tanzania,PMO - US,From RDC,N/A - From RDC,Truck,20-Aug-09,20-Aug-09,ARV,Adult,SCMS from RDC,SKU0058,"Abacavir 300mg, tablets, 60 Tabs",Generic,60,4794,122007.3,25.45,0.42,Mylan (formerly Matrix) Nashik,475,3588.34,239.13
10788,Zambia,PMO - US,From RDC,N/A - From RDC,Truck,17-Aug-09,17-Aug-09,ARV,Adult,SCMS from RDC,SKU0011,"Lamivudine/Zidovudine 150/300mg, tablets, 60 Tabs",Generic,60,108000,946080,8.76,0.15,"Aurobindo Unit III, India",10865,13518.56,1854.32
10791,Côte d'Ivoire,PMO - US,From RDC,N/A - From RDC,Air,28-Sep-09,28-Sep-09,ARV,Adult,SCMS from RDC,SKU0014,"Zidovudine 300mg, tablets, 60 Tabs",Generic,60,7000,52710,7.53,0.13,Hetero Unit III Hyderabad IN,396,6087.84,103.31
10792,Côte d'Ivoire,PMO - US,From RDC,N/A - From RDC,Air,9-Sep-09,9-Sep-09,ARV,Adult,SCMS from RDC,SKU0011,"Lamivudine/Zidovudine 150/300mg, tablets, 60 Tabs",Generic,60,8824,77298.24,8.76,0.15,Mylan (formerly Matrix) Nashik,706,3144.57,151.5
10793,Côte d'Ivoire,PMO - US,From RDC,N/A - From RDC,Air,8-Sep-09,8-Sep-09,ARV,Adult,SCMS from RDC,SKU0041,"Stavudine 15mg, capsules, 60 Caps",Generic,60,1216,1824,1.5,0.02,"Aurobindo Unit III, India",3426,9797.41,3.58
10794,Zambia,PMO - US,From RDC,N/A - From RDC,Truck,22-Sep-09,22-Sep-09,ARV,Adult,SCMS from RDC,SKU0007,"Nevirapine 200mg, tablets, 60 Tabs",Generic,60,98000,294000,3,0.05,"Aurobindo Unit III, India",9522,13518.56,576.24
10795,Haiti,PMO - US,From RDC,N/A - From RDC,Air,13-Oct-09,13-Oct-09,ARV,Pediatric,SCMS from RDC,SKU0005,"Zidovudine 10mg/ml, oral solution, Bottle, 240 ml",Generic,240,4315,9061.5,2.1,0.01,"Aurobindo Unit III, India",2520,25874.1,17.76
10796,Haiti,PMO - US,From RDC,N/A - From RDC,Air,13-Oct-09,13-Oct-09,ARV,Pediatric,SCMS from RDC,SKU0048,"Lamivudine 10mg/ml, oral solution, Bottle, 240 ml",Generic,240,2415,4588.5,1.9,0.01,"Aurobindo Unit III, India",See DN-1458 (ID#:10795),See DN-1458 (ID#:10795),8.99
10797,Uganda,PMO - US,From RDC,N/A - From RDC,Air,8-Oct-09,8-Oct-09,ARV,Adult,SCMS from RDC,SKU0044,"Lamivudine/Nevirapine/Stavudine 150/200/30mg, tablets, 60 Tabs",Generic,60,240,1680,7,0.12,"Cipla, Goa, India",23,1173.1,3.29
10798,Tanzania,PMO - US,From RDC,N/A - From RDC,Truck,26-Oct-09,26-Oct-09,ARV,Adult,SCMS from RDC,SKU0058,"Abacavir 300mg, tablets, 60 Tabs",Generic,60,6915,175986.75,25.45,0.42,"Aurobindo Unit III, India",1067,2217.5,344.93
10799,Uganda,PMO - US,From RDC,N/A - From RDC,Truck,12-Oct-09,12-Oct-09,ARV,Adult,SCMS from RDC,SKU0054,"Lamivudine/Nevirapine/Zidovudine 150/200/300mg, tablets, 60 Tabs",Generic,60,14066,159649.1,11.35,0.19,"Aurobindo Unit III, India",1593,9547.7,312.91
10800,Côte d'Ivoire,PMO - US,From RDC,N/A - From RDC,Air,27-Oct-09,27-Oct-09,ARV,Pediatric,SCMS from RDC,SKU0048,"Lamivudine 10mg/ml, oral solution, Bottle, 240 ml",Generic,240,3535,6716.5,1.9,0.01,"Aurobindo Unit III, India",1224,2298.61,14.48
10801,Côte d'Ivoire,PMO - US,From RDC,N/A - From RDC,Air,27-Oct-09,27-Oct-09,ARV,Adult,SCMS from RDC,SKU0004,"Stavudine 30mg, capsules, 60 Caps",Generic,60,2430,3547.8,1.46,0.02,"Aurobindo Unit III, India",156,2298.6,7.65
10803,Côte d'Ivoire,PMO - US,From RDC,N/A - From RDC,Air,20-Dec-09,20-Dec-09,ARV,Adult,SCMS from RDC,SKU0027,"Saquinavir 200mg [Invirase], capsules, 270 Caps",Invirase,270,1042,82463.88,79.14,0.29,Roche Basel,Weight Captured Separately,Invoiced Separately,177.79
10804,Mozambique,PMO - US,From RDC,N/A - From RDC,Air,1-Feb-07,1-Feb-07,ARV,Adult,SCMS from RDC,SKU0027,"Saquinavir 200mg [Invirase], capsules, 270 Caps",Invirase,270,117,9117.81,77.93,0.29,Roche Basel,155,939.08,
10810,Rwanda,PMO - US,From RDC,N/A - From RDC,Air,5-Feb-07,5-Feb-07,ARV,Adult,SCMS from RDC,SKU0080,"Nelfinavir (as mesilate) 250mg [Viracept], tablets, 270 Tabs",Viracept,270,400,38920,97.3,0.36,Roche Madrid,108,23000.34,
10811,Côte d'Ivoire,PMO - US,From RDC,N/A - From RDC,,8-Mar-07,8-Mar-07,ARV,Adult,SCMS from RDC,SKU0052,"Ritonavir 100mg [Norvir], capsules, cool, 4 x 84 Caps",Norvir,336,360,13809.6,38.36,0.11,ABBVIE (Abbott) France,630,3660.4,
10813,Zambia,PMO - US,From RDC,N/A - From RDC,,4-May-07,4-May-07,HRDT,HIV test,SCMS from RDC,SKU0009,"HIV 1/2, Uni-Gold HIV Kit, 20 Tests",Uni-Gold,20,1500,48000,32,1.6,"Trinity Biotech, Plc",580,4965.24,
10814,Mozambique,PMO - US,From RDC,N/A - From RDC,Air,18-May-07,18-May-07,ARV,Pediatric,SCMS from RDC,SKU0071,"Abacavir 20mg/ml, oral solution, Bottle, 240 ml",Generic,240,474,10191,21.5,0.09,"Aurobindo Unit III, India",221,710.68,
10816,Mozambique,PMO - US,From RDC,N/A - From RDC,Air,18-May-07,18-May-07,ARV,Pediatric,SCMS from RDC,SKU0006,"Efavirenz 200mg [Stocrin/Sustiva], capsule, 90 Caps",Stocrin/Sustiva,90,409,13251.6,32.4,0.36,"MSD Manati, Puerto Rico, (USA)",45,348.09,
10817,Mozambique,PMO - US,From RDC,N/A - From RDC,Air,18-May-07,18-May-07,ARV,Adult,SCMS from RDC,SKU0008,"Lopinavir/Ritonavir 200/50mg [Aluvia], tablets, 120 Tabs",Aluvia,120,250,10275,41.1,0.34,ABBVIE Ludwigshafen Germany,105,348.09,
10818,Zambia,PMO - US,From RDC,N/A - From RDC,,15-May-07,15-May-07,ARV,Adult,SCMS from RDC,SKU0011,"Lamivudine/Zidovudine 150/300mg, tablets, 60 Tabs",Generic,60,85158,909487.44,10.68,0.18,"Aurobindo Unit III, India",8169,33572.78,
10819,Tanzania,PMO - US,From RDC,N/A - From RDC,Air,31-May-07,31-May-07,HRDT,HIV test,SCMS from RDC,SKU0019,"HIV 1/2, Bioline 3.0 Kit, Lancets, Capillary pipets, Alcohol swabs included, 25 Tests",Bioline,25,8009,160180,20,0.8,"Standard Diagnostics, Korea",Weight Captured Separately,12740.42,
10820,Mozambique,PMO - US,From RDC,N/A - From RDC,Air,17-Apr-07,17-Apr-07,ARV,Pediatric,SCMS from RDC,SKU0006,"Efavirenz 200mg [Stocrin/Sustiva], capsule, 90 Caps",Stocrin/Sustiva,90,151,4892.4,32.4,0.36,"MSD Manati, Puerto Rico, (USA)",See DN-44 (ID#:10549),See DN-44 (ID#:10549),
10821,Mozambique,PMO - US,From RDC,N/A - From RDC,Air,17-Apr-07,17-Apr-07,ARV,Adult,SCMS from RDC,SKU0021,"Tenofovir Disoproxil Fumarate 300mg [Viread], tablets, 30 Tabs",Viread,30,2997,50949,17,0.57,Gilead(Nycomed) Oranienburg DE,See DN-44 (ID#:10549),See DN-44 (ID#:10549),
10823,Rwanda,PMO - US,From RDC,N/A - From RDC,Air,14-May-07,14-May-07,ARV,Pediatric,SCMS from RDC,SKU0071,"Abacavir 20mg/ml, oral solution, Bottle, 240 ml",Generic,240,90,1935,21.5,0.09,"Aurobindo Unit III, India",120,11609.31,
10824,Côte d'Ivoire,PMO - US,From RDC,N/A - From RDC,,30-Apr-07,30-Apr-07,ARV,Adult,SCMS from RDC,SKU0011,"Lamivudine/Zidovudine 150/300mg, tablets, 60 Tabs",Generic,60,6945,71186.25,10.25,0.17,"Aurobindo Unit III, India",650,2457,
10825,Zimbabwe,PMO - US,From RDC,N/A - From RDC,,12-Jun-07,12-Jun-07,ARV,Adult,SCMS from RDC,SKU0003,"Lamivudine 150mg, tablets, 60 Tabs",Generic,60,2329,7615.83,3.27,0.05,"Ranbaxy, Paonta Shahib, India",153,1013.24,12.19
10830,Tanzania,PMO - US,From RDC,N/A - From RDC,Air,6-Jul-07,6-Jul-07,ARV,Adult,SCMS from RDC,SKU0058,"Abacavir 300mg, tablets, 60 Tabs",Generic,60,6781,242759.8,35.8,0.6,"Aurobindo Unit III, India",675,2440,
10831,Côte d'Ivoire,PMO - US,From RDC,N/A - From RDC,,8-Jun-07,8-Jun-07,HRDT,HIV test,SCMS from RDC,SKU0002,"HIV 1/2, Determine Complete HIV Kit, 100 Tests",Determine,100,50,4000,80,0.8,ABBVIE GmbH & Co.KG Wiesbaden,15,1363,
10832,Mozambique,PMO - US,From RDC,N/A - From RDC,Air,13-Jun-07,13-Jun-07,ARV,Adult,SCMS from RDC,SKU0058,"Abacavir 300mg, tablets, 60 Tabs",Generic,60,570,20235,35.5,0.59,"Aurobindo Unit III, India",See DN-148 (ID#:10564),See DN-148 (ID#:10564),
10833,Nigeria,PMO - US,From RDC,N/A - From RDC,,26-Jun-07,26-Jun-07,ARV,Adult,SCMS from RDC,SKU0007,"Nevirapine 200mg, tablets, 60 Tabs",Generic,60,1198,4276.86,3.57,0.06,"Strides, Bangalore, India.",See DN-172 (ID#:10566),See DN-172 (ID#:10566),
10834,Côte d'Ivoire,PMO - US,From RDC,N/A - From RDC,,16-May-07,16-May-07,ARV,Adult,SCMS from RDC,SKU0058,"Abacavir 300mg, tablets, 60 Tabs",Generic,60,268,9594.4,35.8,0.6,"Aurobindo Unit III, India",151,1516,
10837,Tanzania,PMO - US,From RDC,N/A - From RDC,Air,6-Jul-07,6-Jul-07,ARV,Adult,SCMS from RDC,SKU0044,"Lamivudine/Nevirapine/Stavudine 150/200/30mg, tablets, 60 Tabs",Generic,60,3386,25395,7.5,0.12,"Cipla, Goa, India",31,1589,
10838,Côte d'Ivoire,PMO - US,From RDC,N/A - From RDC,,28-Jun-07,28-Jun-07,ARV,Adult,SCMS from RDC,SKU0098,"Lamivudine/Stavudine 150/30mg, tablets, 30 Tabs",Generic,30,54263,108526,2,0.07,"Cipla, Goa, India",See DN-196 (ID#:10573),See DN-196 (ID#:10573),173.64
10840,Tanzania,PMO - US,From RDC,N/A - From RDC,,22-Aug-07,22-Aug-07,ARV,Adult,SCMS from RDC,SKU0044,"Lamivudine/Nevirapine/Stavudine 150/200/30mg, tablets, 60 Tabs",Generic,60,3386,25395,7.5,0.12,"Cipla, Goa, India",345,2554.39,40.63
10841,Angola,PMO - US,From RDC,N/A - From RDC,Truck,15-Oct-07,15-Oct-07,HRDT,HIV test,SCMS from RDC,SKU0002,"HIV 1/2, Determine Complete HIV Kit, 100 Tests",Determine,100,150,12000,80,0.8,ABBVIE GmbH & Co.KG Wiesbaden,49,1012.59,19.2
10842,Rwanda,PMO - US,From RDC,N/A - From RDC,Air,22-Aug-07,22-Aug-07,HRDT,HIV test,SCMS from RDC,SKU0009,"HIV 1/2, Uni-Gold HIV Kit, 20 Tests",Uni-Gold,20,155,4960,32,1.6,"Trinity Biotech, Plc",55,1126.84,7.94
10843,Zambia,PMO - US,From RDC,N/A - From RDC,,7-Aug-07,7-Aug-07,ARV,Adult,SCMS from RDC,SKU0007,"Nevirapine 200mg, tablets, 60 Tabs",Generic,60,52865,188728.05,3.57,0.06,"Aurobindo Unit III, India",9182,37695.46,301.96
10844,Rwanda,PMO - US,From RDC,N/A - From RDC,Air,30-Jul-07,30-Jul-07,HRDT,HIV test,SCMS from RDC,SKU0009,"HIV 1/2, Uni-Gold HIV Kit, 20 Tests",Uni-Gold,20,250,8000,32,1.6,"Trinity Biotech, Plc",78,1324.61,12.8
10845,Nigeria,PMO - US,From RDC,N/A - From RDC,,5-Jul-07,5-Jul-07,HRDT,HIV test,SCMS from RDC,SKU0016,"HIV 1/2, Stat-Pak HIV, Kit, 20 Tests",Stat-Pak,20,500,13500,27,1.35,Chembio Diagnostics Sys. Inc.,115,1352,21.6
10846,Guyana,PMO - US,From RDC,N/A - From RDC,Air,18-Jul-07,18-Jul-07,ARV,Adult,SCMS from RDC,SKU0014,"Zidovudine 300mg, tablets, 60 Tabs",Generic,60,209,1703.35,8.15,0.14,"Ranbaxy, Paonta Shahib, India",12,764.62,2.73
10847,Côte d'Ivoire,PMO - US,From RDC,N/A - From RDC,,16-Jul-07,16-Jul-07,ARV,Adult,SCMS from RDC,SKU0058,"Abacavir 300mg, tablets, 60 Tabs",Generic,60,1051,37625.8,35.8,0.6,"Aurobindo Unit III, India",373,1850,60.2
10851,Mozambique,PMO - US,From RDC,N/A - From RDC,Air,21-Sep-07,21-Sep-07,ARV,Pediatric,SCMS from RDC,SKU0076,"Stavudine 1mg/ml, powder for oral solution, 200 ml",Generic,200,165,239.25,1.45,0.01,"Aurobindo Unit III, India",15,350.78,0.38
10852,Nigeria,PMO - US,From RDC,N/A - From RDC,Air,6-Jul-07,6-Jul-07,ARV,Adult,SCMS from RDC,SKU0059,"Stavudine 20mg, capsules, 60 Caps",Generic,60,253,442.75,1.75,0.03,"Aurobindo Unit III, India",15,460,0.71
10855,Côte d'Ivoire,PMO - US,From RDC,N/A - From RDC,,13-Aug-07,13-Aug-07,ARV,Adult,SCMS from RDC,SKU0014,"Zidovudine 300mg, tablets, 60 Tabs",Generic,60,18290,155830.8,8.52,0.14,"Aurobindo Unit III, India",1114,3473,249.33
10857,Côte d'Ivoire,PMO - US,From RDC,N/A - From RDC,,14-Sep-07,14-Sep-07,ARV,Adult,SCMS from RDC,SKU0004,"Stavudine 30mg, capsules, 60 Caps",Generic,60,3285,4993.2,1.52,0.03,"Strides, Bangalore, India.",See DN-323 (ID#:10588),See DN-323 (ID#:10588),7.99
10859,Tanzania,PMO - US,From RDC,N/A - From RDC,,10-Sep-07,10-Sep-07,ARV,Adult,SCMS from RDC,SKU0058,"Abacavir 300mg, tablets, 60 Tabs",Generic,60,3896,139476.8,35.8,0.6,"Aurobindo Unit III, India",3369,9689,223.16
10860,Tanzania,PMO - US,From RDC,N/A - From RDC,,18-Oct-07,18-Oct-07,HRDT,HIV test,SCMS from RDC,SKU0019,"HIV 1/2, Bioline 3.0 Kit, Lancets, Capillary pipets, Alcohol swabs included, 25 Tests",Bioline,25,8000,160000,20,0.8,"Standard Diagnostics, Korea",2366,13952.38,256
10861,Mozambique,PMO - US,From RDC,N/A - From RDC,Air,21-Sep-07,21-Sep-07,ARV,Adult,SCMS from RDC,SKU0052,"Ritonavir 100mg [Norvir], capsules, cool, 4 x 84 Caps",Norvir,336,143,5485.48,38.36,0.11,ABBVIE (Abbott) Logis. UK,See DN-304 (ID#:10589),See DN-304 (ID#:10589),8.78
10862,Mozambique,PMO - US,From RDC,N/A - From RDC,Air,21-Sep-07,21-Sep-07,ARV,Adult,SCMS from RDC,SKU0054,"Lamivudine/Nevirapine/Zidovudine 150/200/300mg, tablets, 60 Tabs",Generic,60,17191,300842.5,17.5,0.29,"Cipla, Goa, India",See DN-304 (ID#:10589),See DN-304 (ID#:10589),481.35
10863,Uganda,PMO - US,From RDC,N/A - From RDC,Air,27-Aug-07,27-Aug-07,ARV,Adult,SCMS from RDC,SKU0007,"Nevirapine 200mg, tablets, 60 Tabs",Generic,60,1859,6320.6,3.4,0.06,"Aurobindo Unit III, India",214,891,10.11
10865,Côte d'Ivoire,PMO - US,From RDC,N/A - From RDC,,30-Aug-07,30-Aug-07,ARV,Pediatric,SCMS from RDC,SKU0102,"Efavirenz 30mg/ml [Stocrin/Sustiva], oral solution, Bottle, 180 ml",Stocrin/Sustiva,180,508,8620.76,16.97,0.09,"MSD Patheon, Canada",See DN-320 (ID#:10593),See DN-320 (ID#:10593),13.79
10866,Côte d'Ivoire,PMO - US,From RDC,N/A - From RDC,,30-Aug-07,30-Aug-07,ARV,Adult,SCMS from RDC,SKU0007,"Nevirapine 200mg, tablets, 60 Tabs",Generic,60,25799,87716.6,3.4,0.06,"Strides, Bangalore, India.",See DN-320 (ID#:10593),See DN-320 (ID#:10593),140.35
10867,Côte d'Ivoire,PMO - US,From RDC,N/A - From RDC,,19-Sep-07,19-Sep-07,HRDT,HIV test,SCMS from RDC,SKU0025,"#108853** HIV, Genie II HIV-1/HIV-2 Kit, 40 Tests",Genie,40,230,17480,76,1.9,Bio-Rad Laboratories,917,6056.76,27.97
10868,Côte d'Ivoire,PMO - US,From RDC,N/A - From RDC,,19-Sep-07,19-Sep-07,HRDT,HIV test,SCMS from RDC,SKU0025,"#108853** HIV, Genie II HIV-1/HIV-2 Kit, 40 Tests",Genie,40,615,46740,76,1.9,Bio-Rad Laboratories,See DN-356 (ID#:10867),See DN-356 (ID#:10867),74.78
10877,Côte d'Ivoire,PMO - US,From RDC,N/A - From RDC,,4-Sep-07,4-Sep-07,ARV,Adult,SCMS from RDC,SKU0011,"Lamivudine/Zidovudine 150/300mg, tablets, 60 Tabs",Generic,60,10000,106800,10.68,0.18,"Aurobindo Unit III, India",See DN-330 (ID#:10612),See DN-330 (ID#:10612),170.88
10878,Ethiopia,PMO - US,From RDC,N/A - From RDC,,4-Sep-07,4-Sep-07,ARV,Pediatric,SCMS from RDC,SKU0005,"Zidovudine 10mg/ml, oral solution, Bottle, 240 ml",Generic,240,13850,29777.5,2.15,0.01,"Aurobindo Unit III, India",See DN-332 (ID#:10613),See DN-332 (ID#:10613),47.64
10879,Ethiopia,PMO - US,From RDC,N/A - From RDC,,4-Sep-07,4-Sep-07,ARV,Pediatric,SCMS from RDC,SKU0048,"Lamivudine 10mg/ml, oral solution, Bottle, 240 ml",Generic,240,15913,31348.61,1.97,0.01,"Aurobindo Unit III, India",See DN-332 (ID#:10613),See DN-332 (ID#:10613),50.16
10880,Ethiopia,PMO - US,From RDC,N/A - From RDC,,4-Sep-07,4-Sep-07,ARV,Adult,SCMS from RDC,SKU0004,"Stavudine 30mg, capsules, 60 Caps",Generic,60,14700,22344,1.52,0.03,"Aurobindo Unit III, India",See DN-332 (ID#:10613),See DN-332 (ID#:10613),35.75
10881,Zambia,PMO - US,From RDC,N/A - From RDC,,12-Sep-07,12-Sep-07,ARV,Pediatric,SCMS from RDC,SKU0066,"Efavirenz 200mg, capsule, 90 Caps",Generic,90,1064,17024,16,0.18,"Aurobindo Unit III, India",128,944.21,27.24
10882,Côte d'Ivoire,PMO - US,From RDC,N/A - From RDC,,5-Sep-07,5-Sep-07,HRDT,HIV test,SCMS from RDC,SKU0025,"#108853** HIV, Genie II HIV-1/HIV-2 Kit, 40 Tests",Genie,40,450,34200,76,1.9,Bio-Rad Laboratories,497,2650.36,54.72
10883,Côte d'Ivoire,PMO - US,From RDC,N/A - From RDC,,10-Sep-07,10-Sep-07,ARV,Adult,SCMS from RDC,SKU0027,"Saquinavir 200mg [Invirase], capsules, 270 Caps",Invirase,270,252,19817.28,78.64,0.29,Roche Basel,1736,14182.54,31.71
10884,Côte d'Ivoire,PMO - US,From RDC,N/A - From RDC,,17-Sep-07,17-Sep-07,ARV,Adult,SCMS from RDC,SKU0008,"Lopinavir/Ritonavir 200/50mg [Aluvia], tablets, 120 Tabs",Aluvia,120,3200,131520,41.1,0.34,ABBVIE Ludwigshafen Germany,749,2717,210.43
10885,Côte d'Ivoire,PMO - US,From RDC,N/A - From RDC,,12-Sep-07,12-Sep-07,ARV,Adult,SCMS from RDC,SKU0027,"Saquinavir 200mg [Invirase], capsules, 270 Caps",Invirase,270,16,1258.24,78.64,0.29,Roche Basel,295,1737,2.01
10886,Côte d'Ivoire,PMO - US,From RDC,N/A - From RDC,,12-Sep-07,12-Sep-07,ARV,Adult,SCMS from RDC,SKU0027,"Saquinavir 200mg [Invirase], capsules, 270 Caps",Invirase,270,526,41364.64,78.64,0.29,Roche Basel,See DN-349 (ID#:10885),See DN-349 (ID#:10885),66.18
10887,Zambia,PMO - US,From RDC,N/A - From RDC,,2-Nov-07,2-Nov-07,ARV,Pediatric,SCMS from RDC,SKU0071,"Abacavir 20mg/ml, oral solution, Bottle, 240 ml",Generic,240,1341,22126.5,16.5,0.07,"Aurobindo Unit III, India",395,3478,35.4
10889,Uganda,PMO - US,From RDC,N/A - From RDC,Air,5-Nov-07,5-Nov-07,ARV,Adult,SCMS from RDC,SKU0026,"Efavirenz 600mg, tablets, 30 Tabs",Generic,30,1717,21325.14,12.42,0.41,"Aurobindo Unit III, India",151,1157.58,34.12
10890,Côte d'Ivoire,PMO - US,From RDC,N/A - From RDC,Air,15-Oct-07,15-Oct-07,ARV,Adult,SCMS from RDC,SKU0027,"Saquinavir 200mg [Invirase], capsules, 270 Caps",Invirase,270,1577,124015.28,78.64,0.29,Roche Basel,3023,13721.28,198.42
10891,Zambia,PMO - US,From RDC,N/A - From RDC,,17-Oct-07,17-Oct-07,HRDT,HIV test,SCMS from RDC,SKU0017,"HIV 1/2, Determine HIV Kit, without Lancets, 100 Tests",Determine,100,872,62775.28,71.99,0.72,Inverness Japan,See DN-380 (ID#:10622),See DN-380 (ID#:10622),100.44
10892,Mozambique,PMO - US,From RDC,N/A - From RDC,Air,22-Nov-07,22-Nov-07,ARV,Adult,SCMS from RDC,SKU0078,"Abacavir/Lamivudine/Zidovudine 300/150/300mg [Trizivir], tablets, 60 Tabs",Trizivir,60,821,57470,70,1.17,GSK Ware (UK),186,549.44,91.95
10893,Nigeria,PMO - US,From RDC,N/A - From RDC,Air,20-Sep-07,20-Sep-07,ARV,Adult,SCMS from RDC,SKU0003,"Lamivudine 150mg, tablets, 60 Tabs",Generic,60,614,2032.34,3.31,0.06,"Aurobindo Unit III, India",See DN-373 (ID#:10623),See DN-373 (ID#:10623),3.25
10894,Nigeria,PMO - US,From RDC,N/A - From RDC,Air,20-Sep-07,20-Sep-07,ARV,Adult,SCMS from RDC,SKU0007,"Nevirapine 200mg, tablets, 60 Tabs",Generic,60,600,2142,3.57,0.06,"Aurobindo Unit III, India",See DN-373 (ID#:10623),See DN-373 (ID#:10623),3.43
10895,Nigeria,PMO - US,From RDC,N/A - From RDC,Air,20-Sep-07,20-Sep-07,ARV,Pediatric,SCMS from RDC,SKU0048,"Lamivudine 10mg/ml, oral solution, Bottle, 240 ml",Generic,240,390,1010.1,2.59,0.01,"Cipla, Goa, India",See DN-373 (ID#:10623),See DN-373 (ID#:10623),1.62
10898,Côte d'Ivoire,PMO - US,From RDC,N/A - From RDC,Air,2-Oct-07,2-Oct-07,HRDT,HIV test,SCMS from RDC,SKU0002,"HIV 1/2, Determine Complete HIV Kit, 100 Tests",Determine,100,350,25200,72,0.72,Inverness Japan,See DN-376 (ID#:10628),See DN-376 (ID#:10628),40.32
10900,Zambia,PMO - US,From RDC,N/A - From RDC,,17-Oct-07,17-Oct-07,ARV,Pediatric,SCMS from RDC,SKU0077,"Zidovudine 100mg [Retrovir], capsules, 100 Caps",Retrovir,100,2623,27279.2,10.4,0.1,GSK Crawley,159,1007.34,43.65
10901,Zambia,PMO - US,From RDC,N/A - From RDC,,29-Oct-07,29-Oct-07,ARV,Pediatric,SCMS from RDC,SKU0048,"Lamivudine 10mg/ml, oral solution, Bottle, 240 ml",Generic,240,5496,10827.12,1.97,0.01,"Aurobindo Unit III, India",6230,25739.49,17.32
10903,Nigeria,PMO - US,From RDC,N/A - From RDC,Air,16-Nov-07,16-Nov-07,ARV,Pediatric,SCMS from RDC,SKU0049,"Efavirenz 50mg, capsule, 30 Caps",Generic,30,100,224,2.24,0.07,"Aurobindo Unit III, India",118,1616.04,0.36
10904,Mozambique,PMO - US,From RDC,N/A - From RDC,Air,29-Nov-07,29-Nov-07,ARV,Pediatric,SCMS from RDC,SKU0076,"Stavudine 1mg/ml, powder for oral solution, 200 ml",Generic,200,500,700,1.4,0.01,"Aurobindo Unit III, India",See DN-426 (ID#:10633),See DN-426 (ID#:10633),1.12
10905,Zimbabwe,PMO - US,From RDC,N/A - From RDC,Air,16-Nov-07,16-Nov-07,ARV,Adult,SCMS from RDC,SKU0098,"Lamivudine/Stavudine 150/30mg, tablets, 30 Tabs",Generic,30,1,2,2,0.07,"Cipla, Goa, India",63,598.08,0
10906,Uganda,PMO - US,From RDC,N/A - From RDC,Air,10-Dec-07,10-Dec-07,ARV,Adult,SCMS from RDC,SKU0054,"Lamivudine/Nevirapine/Zidovudine 150/200/300mg, tablets, 60 Tabs",Generic,60,1650,22275,13.5,0.22,"Aurobindo Unit III, India",197,1637,35.64
10907,Zambia,PMO - US,From RDC,N/A - From RDC,,25-Jan-08,25-Jan-08,ARV,Adult,SCMS from RDC,SKU0026,"Efavirenz 600mg, tablets, 30 Tabs",Generic,30,44135,548156.7,12.42,0.41,"Aurobindo Unit III, India",3801,13715.55,877.05
10908,Uganda,PMO - US,From RDC,N/A - From RDC,Air,10-Dec-07,10-Dec-07,ARV,Adult,SCMS from RDC,SKU0053,"Emtricitabine/Tenofovir Disoproxil Fumarate 200/300mg [Truvada], tablets, 30 Tabs",Truvada,30,42,1102.5,26.25,0.88,Gilead(Nycomed) Oranienburg DE,464,3393,1.76
10910,Côte d'Ivoire,PMO - US,From RDC,N/A - From RDC,Air,24-Jan-08,24-Jan-08,ARV,Pediatric,SCMS from RDC,SKU0103,"Abacavir 20mg/ml, [DON] oral solution, Bottle, 240 ml",Generic,240,3119,0,0,0,"Aurobindo Unit III, India",1088,2951.94,0
10915,Zambia,PMO - US,From RDC,N/A - From RDC,,30-Nov-07,30-Nov-07,ARV,Pediatric,SCMS from RDC,SKU0066,"Efavirenz 200mg, capsule, 90 Caps",Generic,90,2066,33056,16,0.18,"Aurobindo Unit III, India",236,1448.2,52.89
10917,Ethiopia,PMO - US,From RDC,N/A - From RDC,Air,20-Feb-08,20-Feb-08,ARV,Adult,SCMS from RDC,SKU0059,"Stavudine 20mg, capsules, 60 Caps",Generic,60,219,383.25,1.75,0.03,"Aurobindo Unit III, India",16,472.5,0.61
10918,Ethiopia,PMO - US,From RDC,N/A - From RDC,Air,20-Dec-07,20-Dec-07,ARV,Adult,SCMS from RDC,SKU0021,"Tenofovir Disoproxil Fumarate 300mg [Viread], tablets, 30 Tabs",Viread,30,1184,20128,17,0.57,Gilead(Nycomed) Oranienburg DE,49,639.75,32.2
10919,Côte d'Ivoire,PMO - US,From RDC,N/A - From RDC,Air,17-Jan-08,17-Jan-08,ARV,Adult,SCMS from RDC,SKU0008,"Lopinavir/Ritonavir 200/50mg [Aluvia], tablets, 120 Tabs",Aluvia,120,479,19686.9,41.1,0.34,ABBVIE Ludwigshafen Germany,421,5947.88,31.5
10923,Ethiopia,PMO - US,From RDC,N/A - From RDC,Air,20-Dec-07,20-Dec-07,ARV,Pediatric,SCMS from RDC,SKU0005,"Zidovudine 10mg/ml, oral solution, Bottle, 240 ml",Generic,240,1926,4140.9,2.15,0.01,"Aurobindo Unit III, India",807,2511.67,6.63
10924,Zimbabwe,PMO - US,From RDC,N/A - From RDC,Air,14-Jan-08,14-Jan-08,ARV,Adult,SCMS from RDC,SKU0026,"Efavirenz 600mg, tablets, 30 Tabs",Generic,30,627,7787.34,12.42,0.41,"Cipla, Goa, India",See DN-488 (ID#:10652),See DN-488 (ID#:10652),12.46
10925,Zimbabwe,PMO - US,From RDC,N/A - From RDC,Air,5-Mar-08,5-Mar-08,ARV,Adult,SCMS from RDC,SKU0044,"Lamivudine/Nevirapine/Stavudine 150/200/30mg, tablets, 60 Tabs",Generic,60,37240,275576,7.4,0.12,"Cipla, Goa, India",4080,13317.2,440.92
10926,Haiti,PMO - US,From RDC,N/A - From RDC,Air,8-Mar-08,8-Mar-08,ARV,Pediatric,SCMS from RDC,SKU0092,"Didanosine 200mg, chewable/dispersible tablets, 60 Tabs",Generic,60,100,1550,15.5,0.26,"Aurobindo Unit III, India",195,2587.9,2.48
10927,Mozambique,PMO - US,From RDC,N/A - From RDC,Air,8-Apr-08,5-Apr-08,ARV,Adult,SCMS from RDC,SKU0078,"Abacavir/Lamivudine/Zidovudine 300/150/300mg [Trizivir], tablets, 60 Tabs",Trizivir,60,213,14910,70,1.17,GSK Ware (UK),See DN-628 (ID#:10654),See DN-628 (ID#:10654),23.86
10928,Mozambique,PMO - US,From RDC,N/A - From RDC,Air,8-Apr-08,5-Apr-08,ARV,Adult,SCMS from RDC,SKU0094,"Indinavir 400mg [Crixivan], capsules, 180 Caps",Crixivan,180,343,17150,50,0.28,"MSD, Haarlem, NL",See DN-628 (ID#:10654),See DN-628 (ID#:10654),27.44
10929,Ethiopia,PMO - US,From RDC,N/A - From RDC,Air,17-Dec-07,17-Dec-07,ARV,Pediatric,SCMS from RDC,SKU0006,"Efavirenz 200mg [Stocrin/Sustiva], capsule, 90 Caps",Stocrin/Sustiva,90,1692,27072,16,0.18,"MSD Manati, Puerto Rico, (USA)",182,1722,43.32
10930,Zambia,PMO - US,From RDC,N/A - From RDC,,8-Jan-08,8-Jan-08,ARV,Adult,SCMS from RDC,SKU0026,"Efavirenz 600mg, tablets, 30 Tabs",Generic,30,50061,976189.5,19.5,0.65,Mylan (formerly Matrix) Nashik,3946,14199.3,1561.9
10931,Ethiopia,PMO - US,From RDC,N/A - From RDC,Air,10-Jan-08,10-Jan-08,ARV,Adult,SCMS from RDC,SKU0021,"Tenofovir Disoproxil Fumarate 300mg [Viread], tablets, 30 Tabs",Viread,30,591,10047,17,0.57,Gilead(Nycomed) Oranienburg DE,37,504,16.08
10933,Rwanda,PMO - US,From RDC,N/A - From RDC,Air,28-Jan-08,28-Jan-08,ARV,Adult,SCMS from RDC,SKU0003,"Lamivudine 150mg, tablets, 60 Tabs",Generic,60,3150,9576,3.04,0.05,"Ranbaxy, Paonta Shahib, India",165,2559.28,15.32
10934,Zimbabwe,PMO - US,From RDC,N/A - From RDC,Air,5-Feb-08,5-Feb-08,ARV,Adult,SCMS from RDC,SKU0098,"Lamivudine/Stavudine 150/30mg, tablets, 30 Tabs",Generic,30,1600,3200,2,0.07,"Cipla, Goa, India",See DN-479 (ID#:10647),See DN-479 (ID#:10647),5.12
10936,Ethiopia,PMO - US,From RDC,N/A - From RDC,Air,31-Jan-08,31-Jan-08,ARV,Adult,SCMS from RDC,SKU0007,"Nevirapine 200mg, tablets, 60 Tabs",Generic,60,7511,25537.4,3.4,0.06,"Ranbaxy, Paonta Shahib, India",732,2724.27,40.86
10937,Guyana,PMO - US,From RDC,N/A - From RDC,Air,24-Jan-08,24-Jan-08,ARV,Adult,SCMS from RDC,SKU0011,"Lamivudine/Zidovudine 150/300mg, tablets, 60 Tabs",Generic,60,1008,9576,9.5,0.16,"Aurobindo Unit III, India",See DN-557 (ID#:10663),See DN-557 (ID#:10663),15.32
10939,Zambia,PMO - US,From RDC,N/A - From RDC,,28-Feb-08,28-Feb-08,ARV,Adult,SCMS from RDC,SKU0026,"Efavirenz 600mg, tablets, 30 Tabs",Generic,30,44135,548156.7,12.42,0.41,Mylan (formerly Matrix) Nashik,3483,12643.63,877.05
10940,Tanzania,PMO - US,From RDC,N/A - From RDC,Air,25-Feb-08,25-Feb-08,ARV,Pediatric,SCMS from RDC,SKU0082,"Didanosine 100mg, chewable/dispersible tablets, 60 Tabs",Generic,60,2273,17615.75,7.75,0.13,"Aurobindo Unit III, India",2749,10654.94,28.19
10942,Côte d'Ivoire,PMO - US,From RDC,N/A - From RDC,Air,6-Mar-08,5-Feb-08,ARV,Adult,SCMS from RDC,SKU0094,"Indinavir 400mg [Crixivan], capsules, 180 Caps",Crixivan,180,5538,276900,50,0.28,"MSD, Haarlem, NL",1230,4680.1,443.04
10943,Ethiopia,PMO - US,From RDC,N/A - From RDC,Air,5-Feb-08,5-Feb-08,ARV,Adult,SCMS from RDC,SKU0014,"Zidovudine 300mg, tablets, 60 Tabs",Generic,60,10000,81500,8.15,0.14,"Aurobindo Unit III, India",574,3787.32,130.4
10944,Mozambique,PMO - US,From RDC,N/A - From RDC,Air,29-Feb-08,29-Feb-08,HRDT,HIV test - Ancillary,SCMS from RDC,SKU0022,"HIV, Lancet, Safety, for HIV Test kits, 100 Pcs",Generic,100,4300,43,0.01,0,Inverness Japan,See DN-597 (ID#:10671),See DN-597 (ID#:10671),0.07
10945,Zimbabwe,PMO - US,From RDC,N/A - From RDC,Air,21-Apr-08,21-Apr-08,ARV,Adult,SCMS from RDC,SKU0098,"Lamivudine/Stavudine 150/30mg, tablets, 30 Tabs",Generic,30,1600,3200,2,0.07,"Cipla, Goa, India",2519,15252.7,5.12
10946,Zimbabwe,PMO - US,From RDC,N/A - From RDC,Air,21-Apr-08,21-Apr-08,ARV,Adult,SCMS from RDC,SKU0044,"Lamivudine/Nevirapine/Stavudine 150/200/30mg, tablets, 60 Tabs",Generic,60,37240,275576,7.4,0.12,"Cipla, Goa, India",See DN-709 (ID#:10945),See DN-709 (ID#:10945),440.92
10947,Tanzania,PMO - US,From RDC,N/A - From RDC,Air,9-Jul-08,9-Jul-08,ARV,Adult,SCMS from RDC,SKU0003,"Lamivudine 150mg, tablets, 60 Tabs",Generic,60,11181,32536.71,2.91,0.05,"Aurobindo Unit III, India",566,3594.6,52.06
10948,Zambia,PMO - US,From RDC,N/A - From RDC,Truck,29-Jul-08,29-Jul-08,ARV,Adult,SCMS from RDC,SKU0098,"Lamivudine/Stavudine 150/30mg, tablets, 30 Tabs",Generic,30,12000,24000,2,0.07,"Cipla, Goa, India",700,954.13,38.4
10949,Tanzania,PMO - US,From RDC,N/A - From RDC,,30-Apr-08,30-Apr-08,ARV,Adult,SCMS from RDC,SKU0008,"Lopinavir/Ritonavir 200/50mg [Aluvia], tablets, 120 Tabs",Aluvia,120,2580,106038,41.1,0.34,ABBVIE Ludwigshafen Germany,559,3562.4,169.66
10950,Tanzania,PMO - US,From RDC,N/A - From RDC,Air,29-Jul-08,29-Jul-08,ARV,Adult,SCMS from RDC,SKU0007,"Nevirapine 200mg, tablets, 60 Tabs",Generic,60,50288,170979.2,3.4,0.06,"Aurobindo Unit III, India",See DN-826 (ID#:10674),See DN-826 (ID#:10674),273.57
10951,Côte d'Ivoire,PMO - US,From RDC,N/A - From RDC,Air,2-Jun-08,2-Jun-08,ARV,Adult,SCMS from RDC,SKU0059,"Stavudine 20mg, capsules, 60 Caps",Generic,60,1080,1890,1.75,0.03,"Aurobindo Unit III, India",4668,8787.28,3.02
10953,Nigeria,PMO - US,From RDC,N/A - From RDC,Air,19-Jun-08,19-Jun-08,ARV,Adult,SCMS from RDC,SKU0094,"Indinavir 400mg [Crixivan], capsules, 180 Caps",Crixivan,180,20,1000,50,0.28,"MSD, Haarlem, NL",1024,5226.6,1.6
10954,Haiti,PMO - US,From RDC,N/A - From RDC,Air,27-May-08,27-May-08,ARV,Adult,SCMS from RDC,SKU0003,"Lamivudine 150mg, tablets, 60 Tabs",Generic,60,7380,21475.8,2.91,0.05,"Aurobindo Unit III, India",See DN-743 (ID#:10683),See DN-743 (ID#:10683),34.36
10955,Mozambique,PMO - US,From RDC,N/A - From RDC,Air,8-Apr-08,16-May-08,ARV,Adult,SCMS from RDC,SKU0044,"Lamivudine/Nevirapine/Stavudine 150/200/30mg, tablets, 60 Tabs",Generic,60,73012,540288.8,7.4,0.12,"Cipla, Goa, India",14083,11053.53,864.46
10956,Zambia,PMO - US,From RDC,N/A - From RDC,,28-Mar-08,28-Mar-08,ARV,Adult,SCMS from RDC,SKU0053,"Emtricitabine/Tenofovir Disoproxil Fumarate 200/300mg [Truvada], tablets, 30 Tabs",Truvada,30,27156,712845,26.25,0.88,"Aspen-OSD, Port Elizabeth, SA",9344,35246.5,1140.55
10957,Zambia,PMO - US,From RDC,N/A - From RDC,Air,28-Mar-08,28-Mar-08,ARV,Adult,SCMS from RDC,SKU0026,"Efavirenz 600mg, tablets, 30 Tabs",Generic,30,4332,53803.44,12.42,0.41,Mylan (formerly Matrix) Nashik,338,1890.76,86.09
10958,Zambia,PMO - US,From RDC,N/A - From RDC,,9-May-08,9-May-08,ARV,Adult,SCMS from RDC,SKU0011,"Lamivudine/Zidovudine 150/300mg, tablets, 60 Tabs",Generic,60,50000,472500,9.45,0.16,"Aurobindo Unit III, India",4657,2348.92,756
10959,Zimbabwe,PMO - US,From RDC,N/A - From RDC,Air,9-Jun-08,9-Jun-08,ARV,Adult,SCMS from RDC,SKU0098,"Lamivudine/Stavudine 150/30mg, tablets, 30 Tabs",Generic,30,1600,3200,2,0.07,"Cipla, Goa, India",422,3335.15,5.12
10960,Tanzania,PMO - US,From RDC,N/A - From RDC,,22-Apr-08,23-Apr-08,ARV,Adult,SCMS from RDC,SKU0011,"Lamivudine/Zidovudine 150/300mg, tablets, 60 Tabs",Generic,60,51364,487958,9.5,0.16,"Aurobindo Unit III, India",5372,16430.72,780.73
10961,Zambia,PMO - US,From RDC,N/A - From RDC,Truck,20-Aug-08,20-Aug-08,ARV,Adult,SCMS from RDC,SKU0044,"Lamivudine/Nevirapine/Stavudine 150/200/30mg, tablets, 60 Tabs",Generic,60,40000,288000,7.2,0.12,"Strides, Bangalore, India.",7393,6051.02,460.8
10962,Haiti,PMO - US,From RDC,N/A - From RDC,Air,3-Apr-08,3-Apr-08,HRDT,HIV test,SCMS from RDC,SKU0017,"HIV 1/2, Determine HIV Kit, without Lancets, 100 Tests",Determine,100,25,1800,72,0.72,Inverness Japan,See DN-686 (ID#:10691),See DN-686 (ID#:10691),2.88
10963,Haiti,PMO - US,From RDC,N/A - From RDC,Air,21-Mar-08,21-Mar-08,ARV,Pediatric,SCMS from RDC,SKU0071,"Abacavir 20mg/ml, oral solution, Bottle, 240 ml",Generic,240,160,2640,16.5,0.07,"Aurobindo Unit III, India",938,11340.2,4.22
10964,Uganda,PMO - US,From RDC,N/A - From RDC,Air,11-Jul-08,11-Jul-08,ARV,Pediatric,SCMS from RDC,SKU0005,"Zidovudine 10mg/ml, oral solution, Bottle, 240 ml",Generic,240,4296,9021.6,2.1,0.01,"Aurobindo Unit III, India",1600,10314.28,14.43
10965,Nigeria,PMO - US,From RDC,N/A - From RDC,Air,4-Jul-08,4-Jul-08,ARV,Adult,SCMS from RDC,SKU0053,"Emtricitabine/Tenofovir Disoproxil Fumarate 200/300mg [Truvada], tablets, 30 Tabs",Truvada,30,15000,393750,26.25,0.88,"Aspen-OSD, Port Elizabeth, SA",1365,9904.65,630
10966,Uganda,PMO - US,From RDC,N/A - From RDC,Air,11-Jul-08,11-Jul-08,ARV,Adult,SCMS from RDC,SKU0007,"Nevirapine 200mg, tablets, 60 Tabs",Generic,60,1061,3607.4,3.4,0.06,"Aurobindo Unit III, India",106,1054.52,5.77
10967,Kenya,PMO - US,From RDC,N/A - From RDC,Truck,26-Mar-08,26-Mar-08,HRDT,HIV test - Ancillary,SCMS from RDC,SKU0022,"HIV, Lancet, Safety, for HIV Test kits, 100 Pcs",Generic,100,240,1200,5,0.05,Inverness Japan,751,190.06,1.92
10968,Nigeria,PMO - US,From RDC,N/A - From RDC,Air,21-Apr-08,21-Apr-08,ARV,Adult,SCMS from RDC,SKU0011,"Lamivudine/Zidovudine 150/300mg, tablets, 60 Tabs",Generic,60,760,7182,9.45,0.16,"Aurobindo Unit III, India",199,1917.53,11.49
10969,Nigeria,PMO - US,From RDC,N/A - From RDC,Air,21-Apr-08,21-Apr-08,ARV,Pediatric,SCMS from RDC,SKU0076,"Stavudine 1mg/ml, powder for oral solution, 200 ml",Generic,200,16,22.4,1.4,0.01,"Aurobindo Unit III, India",See DN-718 (ID#:10968),See DN-718 (ID#:10968),0.04
10970,Mozambique,PMO - US,From RDC,N/A - From RDC,Air,23-Jun-08,23-Jun-08,ARV,Adult,SCMS from RDC,SKU0094,"Indinavir 400mg [Crixivan], capsules, 180 Caps",Crixivan,180,1428,71400,50,0.28,"MSD, Haarlem, NL",2955,4551.52,114.24
10972,Ethiopia,PMO - US,From RDC,N/A - From RDC,Air,21-Mar-08,21-Mar-08,ARV,Adult,SCMS from RDC,SKU0011,"Lamivudine/Zidovudine 150/300mg, tablets, 60 Tabs",Generic,60,65524,622478,9.5,0.16,"Aurobindo Unit III, India",14599,32146.52,995.96
10973,Zimbabwe,PMO - US,From RDC,N/A - From RDC,Air,30-Mar-08,30-Mar-08,ARV,Adult,SCMS from RDC,SKU0044,"Lamivudine/Nevirapine/Stavudine 150/200/30mg, tablets, 60 Tabs",Generic,60,37240,275576,7.4,0.12,"Cipla, Goa, India",See DN-687 (ID#:10697),See DN-687 (ID#:10697),440.92
10975,Guyana,PMO - US,From RDC,N/A - From RDC,Air,9-May-08,9-May-08,ARV,Adult,SCMS from RDC,SKU0008,"Lopinavir/Ritonavir 200/50mg [Aluvia], tablets, 120 Tabs",Aluvia,120,150,12330,82.2,0.68,ABBVIE Ludwigshafen Germany,34,1608.7,19.73
10976,Haiti,PMO - US,From RDC,N/A - From RDC,Air,19-Mar-08,19-Mar-08,HRDT,HIV test,SCMS from RDC,SKU0017,"HIV 1/2, Determine HIV Kit, without Lancets, 100 Tests",Determine,100,30,2160,72,0.72,Inverness Japan,7,774.84,3.46
10977,Zambia,PMO - US,From RDC,N/A - From RDC,,9-May-08,9-May-08,ARV,Adult,SCMS from RDC,SKU0053,"Emtricitabine/Tenofovir Disoproxil Fumarate 200/300mg [Truvada], tablets, 30 Tabs",Truvada,30,40000,1050000,26.25,0.88,"Aspen-OSD, Port Elizabeth, SA",3512,1772.4,1680
10979,Zimbabwe,PMO - US,From RDC,N/A - From RDC,Truck,26-Jul-08,26-Jul-08,ARV,Adult,SCMS from RDC,SKU0044,"Lamivudine/Nevirapine/Stavudine 150/200/30mg, tablets, 60 Tabs",Generic,60,66268,490383.2,7.4,0.12,"Cipla, Goa, India",6606,22666.98,784.61
10980,Zimbabwe,PMO - US,From RDC,N/A - From RDC,Truck,26-Jul-08,26-Jul-08,ARV,Adult,SCMS from RDC,SKU0098,"Lamivudine/Stavudine 150/30mg, tablets, 30 Tabs",Generic,30,8000,16000,2,0.07,"Cipla, Goa, India",See DN-813 (ID#:10979),See DN-813 (ID#:10979),25.6
10981,Mozambique,PMO - US,From RDC,N/A - From RDC,Air,7-Aug-08,7-Aug-08,ARV,Adult,SCMS from RDC,SKU0044,"Lamivudine/Nevirapine/Stavudine 150/200/30mg, tablets, 60 Tabs",Generic,60,38975,280620,7.2,0.12,"Strides, Bangalore, India.",13123,9161.95,448.99
10982,Tanzania,PMO - US,From RDC,N/A - From RDC,Air,9-Jul-08,9-Jul-08,ARV,Pediatric,SCMS from RDC,SKU0082,"Didanosine 100mg, chewable/dispersible tablets, 60 Tabs",Generic,60,11640,90210,7.75,0.13,"Aurobindo Unit III, India",16778,9043.65,144.34
10983,Haiti,PMO - US,From RDC,N/A - From RDC,Air,20-Oct-08,20-Oct-08,ARV,Adult,SCMS from RDC,SKU0007,"Nevirapine 200mg, tablets, 60 Tabs",Generic,60,20186,64595.2,3.2,0.05,"Aurobindo Unit III, India",4218,43041.34,103.35
10984,Mozambique,PMO - US,From RDC,N/A - From RDC,Air,9-Feb-09,9-Feb-09,ARV,Adult,SCMS from RDC,SKU0011,"Lamivudine/Zidovudine 150/300mg, tablets, 60 Tabs",Generic,60,15048,140698.8,9.35,0.16,"Aurobindo Unit III, India",1448,3613.31,275.77
10985,Mozambique,PMO - US,From RDC,N/A - From RDC,Air,20-Jan-09,20-Jan-09,ARV,Adult,SCMS from RDC,SKU0011,"Lamivudine/Zidovudine 150/300mg, tablets, 60 Tabs",Generic,60,720,6732,9.35,0.16,"Aurobindo Unit III, India",66,772.04,13.19
10986,Tanzania,PMO - US,From RDC,N/A - From RDC,Air,21-Oct-08,21-Oct-08,ARV,Adult,SCMS from RDC,SKU0044,"Lamivudine/Nevirapine/Stavudine 150/200/30mg, tablets, 60 Tabs",Generic,60,90323,668390.2,7.4,0.12,"Cipla, Goa, India",9635,52979.7,1069.42
10987,Kenya,PMO - US,From RDC,N/A - From RDC,Truck,21-Oct-08,21-Oct-08,HRDT,HIV test - Ancillary,SCMS from RDC,SKU0022,"HIV, Lancet, Safety, for HIV Test kits, 100 Pcs",Generic,100,5000,50,0.01,0,Inverness Japan,Weight Captured Separately,Invoiced Separately,0.1
10988,Zambia,PMO - US,From RDC,N/A - From RDC,Truck,1-Dec-08,1-Dec-08,ARV,Adult,SCMS from RDC,SKU0007,"Nevirapine 200mg, tablets, 60 Tabs",Generic,60,44432,151068.8,3.4,0.06,Hetero Unit III Hyderabad IN,2503,3629.37,296.09
10989,Nigeria,PMO - US,From RDC,N/A - From RDC,Air,25-Aug-08,25-Aug-08,ARV,Adult,SCMS from RDC,SKU0007,"Nevirapine 200mg, tablets, 60 Tabs",Generic,60,35400,120360,3.4,0.06,Hetero Unit III Hyderabad IN,1987,14931.8,192.58
10990,Nigeria,PMO - US,From RDC,N/A - From RDC,Air,17-Nov-08,17-Nov-08,ARV,Adult,SCMS from RDC,SKU0053,"Emtricitabine/Tenofovir Disoproxil Fumarate 200/300mg [Truvada], tablets, 30 Tabs",Truvada,30,10000,262500,26.25,0.88,"Aspen-OSD, Port Elizabeth, SA",878,4401.4,514.5
10992,Zambia,PMO - US,From RDC,N/A - From RDC,Air,27-Aug-08,27-Aug-08,ARV,Adult,SCMS from RDC,SKU0104,"Lamivudine/Stavudine 150/30mg, tablets, 60 Tabs",Generic,60,32017,124866.3,3.9,0.06,Mylan (formerly Matrix) Nashik,2353,3210.18,199.79
10993,Zambia,PMO - US,From RDC,N/A - From RDC,Air,20-Oct-08,20-Oct-08,ARV,Pediatric,SCMS from RDC,SKU0005,"Zidovudine 10mg/ml, oral solution, Bottle, 240 ml",Generic,240,3200,6720,2.1,0.01,"Aurobindo Unit III, India",1120,8185.2,13.17
10994,Côte d'Ivoire,PMO - US,From RDC,N/A - From RDC,Air,3-Dec-08,3-Dec-08,ARV,Adult,SCMS from RDC,SKU0007,"Nevirapine 200mg, tablets, 60 Tabs",Generic,60,21225,72165,3.4,0.06,"Aurobindo Unit III, India",2521,14336.95,141.44
10995,Uganda,PMO - US,From RDC,N/A - From RDC,Air,4-Feb-09,4-Feb-09,ARV,Adult,SCMS from RDC,SKU0054,"Lamivudine/Nevirapine/Zidovudine 150/200/300mg, tablets, 60 Tabs",Generic,60,20000,236000,11.8,0.2,"Aurobindo Unit III, India",2283,13586.1,462.56
10996,Zimbabwe,PMO - US,From RDC,N/A - From RDC,Truck,16-Feb-09,16-Feb-09,ARV,Adult,SCMS from RDC,SKU0044,"Lamivudine/Nevirapine/Stavudine 150/200/30mg, tablets, 60 Tabs",Generic,60,76000,562400,7.4,0.12,"Cipla, Goa, India",8912,35513.01,1102.3
10997,Zambia,PMO - US,From RDC,N/A - From RDC,,20-Aug-08,20-Aug-08,ARV,Adult,SCMS from RDC,SKU0026,"Efavirenz 600mg, tablets, 30 Tabs",Generic,30,50000,600500,12.01,0.4,Mylan (formerly Matrix) Nashik,3880,3817.12,960.8
10998,Mozambique,PMO - US,From RDC,N/A - From RDC,Truck,5-Sep-08,5-Sep-08,ARV,Adult,SCMS from RDC,SKU0044,"Lamivudine/Nevirapine/Stavudine 150/200/30mg, tablets, 60 Tabs",Generic,60,80000,576000,7.2,0.12,"Strides, Bangalore, India.",11515,Freight Included in Commodity Cost,921.6
10999,Tanzania,PMO - US,From RDC,N/A - From RDC,Truck,23-Sep-08,23-Sep-08,ARV,Adult,SCMS from RDC,SKU0044,"Lamivudine/Nevirapine/Stavudine 150/200/30mg, tablets, 60 Tabs",Generic,60,123317,912545.8,7.4,0.12,"Cipla, Goa, India",13253,64506.78,1460.07
11000,Uganda,PMO - US,From RDC,N/A - From RDC,Air,19-Mar-09,19-Mar-09,ARV,Adult,SCMS from RDC,SKU0054,"Lamivudine/Nevirapine/Zidovudine 150/200/300mg, tablets, 60 Tabs",Generic,60,1893,22337.4,11.8,0.2,"Aurobindo Unit III, India",215,2408.91,43.78
11001,Uganda,PMO - US,From RDC,N/A - From RDC,Air,9-Dec-08,9-Dec-08,ARV,Adult,SCMS from RDC,SKU0008,"Lopinavir/Ritonavir 200/50mg [Aluvia], tablets, 120 Tabs",Aluvia,120,42,1726.2,41.1,0.34,ABBVIE Ludwigshafen Germany,123,845.37,3.38
11003,Côte d'Ivoire,PMO - US,From RDC,N/A - From RDC,Air,11-Feb-09,11-Feb-09,ARV,Pediatric,SCMS from RDC,SKU0102,"Efavirenz 30mg/ml [Stocrin/Sustiva], oral solution, Bottle, 180 ml",Stocrin/Sustiva,180,3271,55476.16,16.96,0.09,"MSD, Haarlem, NL",933,3409.91,108.73
11005,Haiti,PMO - US,From RDC,N/A - From RDC,Air,3-Mar-09,3-Mar-09,ARV,Pediatric,SCMS from RDC,SKU0102,"Efavirenz 30mg/ml [Stocrin/Sustiva], oral solution, Bottle, 180 ml",Stocrin/Sustiva,180,325,5512,16.96,0.09,"MSD, Haarlem, NL",2085,23866.2,10.8
11006,Haiti,PMO - US,From RDC,N/A - From RDC,Air,3-Mar-09,3-Mar-09,ARV,Adult,SCMS from RDC,SKU0094,"Indinavir 400mg [Crixivan], capsules, 180 Caps",Crixivan,180,56,2800,50,0.28,"MSD, Haarlem, NL",See DN-1100 (ID#:11005),See DN-1100 (ID#:11005),5.49
11007,Haiti,PMO - US,From RDC,N/A - From RDC,Air,3-Mar-09,3-Mar-09,ARV,Pediatric,SCMS from RDC,SKU0001,"Nevirapine 10mg/ml, oral suspension, Bottle, 240 ml",Generic,240,5216,10014.72,1.92,0.01,"Aurobindo Unit III, India",See DN-1100 (ID#:11005),See DN-1100 (ID#:11005),19.63
11008,Zimbabwe,PMO - US,From RDC,N/A - From RDC,Truck,6-Apr-09,6-Apr-09,ARV,Adult,SCMS from RDC,SKU0044,"Lamivudine/Nevirapine/Stavudine 150/200/30mg, tablets, 60 Tabs",Generic,60,76000,562400,7.4,0.12,"Cipla, Goa, India",8848,37040.86,1102.3
11009,Mozambique,PMO - US,From RDC,N/A - From RDC,Air,27-Apr-09,27-Apr-09,ARV,Pediatric,SCMS from RDC,SKU0042,"Lopinavir/Ritonavir 80/20mg/ml [Kaletra], oral solution, cool, Bottle 5 x 60 ml",Kaletra,300,40,1644,41.1,0.14,ABBVIE (Abbott) Logis. UK,52,1287.77,3.22
11010,Côte d'Ivoire,PMO - US,From RDC,N/A - From RDC,Air,30-Apr-09,30-Apr-09,ARV,Adult,SCMS from RDC,SKU0011,"Lamivudine/Zidovudine 150/300mg, tablets, 60 Tabs",Generic,60,23524,206070.24,8.76,0.15,"Aurobindo Unit III, India",3155,9021.82,403.9
11011,Nigeria,PMO - US,From RDC,N/A - From RDC,Air,24-Sep-08,24-Sep-08,ARV,Adult,SCMS from RDC,SKU0052,"Ritonavir 100mg [Norvir], capsules, cool, 4 x 84 Caps",Norvir,336,2,76.72,38.36,0.11,ABBVIE (Abbott) France,See DN-917 (ID#:10745),See DN-917 (ID#:10745),0.12
11012,Haiti,PMO - US,From RDC,N/A - From RDC,Air,4-Nov-08,4-Nov-08,ARV,Adult,SCMS from RDC,SKU0041,"Stavudine 15mg, capsules, 60 Caps",Generic,60,1000,1500,1.5,0.02,"Aurobindo Unit III, India",10435,121330.06,2.94
11013,Zambia,PMO - US,From RDC,N/A - From RDC,Truck,20-Aug-08,20-Aug-08,ARV,Adult,SCMS from RDC,SKU0026,"Efavirenz 600mg, tablets, 30 Tabs",Generic,30,5000,60050,12.01,0.4,Mylan (formerly Matrix) Nashik,4247,8231.95,96.08
11014,Haiti,PMO - US,From RDC,N/A - From RDC,Air,4-Nov-08,4-Nov-08,ARV,Pediatric,SCMS from RDC,SKU0066,"Efavirenz 200mg, capsule, 90 Caps",Generic,90,1000,15260,15.26,0.17,"Aurobindo Unit III, India",See DN-944 (ID#:11012),See DN-944 (ID#:11012),29.91
11015,Nigeria,PMO - US,From RDC,N/A - From RDC,Air,19-Jan-09,19-Jan-09,ARV,Adult,SCMS from RDC,SKU0053,"Emtricitabine/Tenofovir Disoproxil Fumarate 200/300mg [Truvada], tablets, 30 Tabs",Truvada,30,12304,322980,26.25,0.88,"Aspen-OSD, Port Elizabeth, SA",5197,21895.01,633.04
11016,Nigeria,PMO - US,From RDC,N/A - From RDC,Air,19-Jan-09,19-Jan-09,ARV,Adult,SCMS from RDC,SKU0053,"Emtricitabine/Tenofovir Disoproxil Fumarate 200/300mg [Truvada], tablets, 30 Tabs",Truvada,30,139,3648.75,26.25,0.88,"Aspen-OSD, Port Elizabeth, SA",192,13538.35,7.15
11017,Uganda,PMO - US,From RDC,N/A - From RDC,Air,2-Dec-08,2-Dec-08,ARV,Adult,SCMS from RDC,SKU0003,"Lamivudine 150mg, tablets, 60 Tabs",Generic,60,500,1450,2.9,0.05,"Aurobindo Unit III, India",26,1096.71,2.84
11018,Haiti,PMO - US,From RDC,N/A - From RDC,Air,27-Oct-08,27-Oct-08,ARV,Adult,SCMS from RDC,SKU0026,"Efavirenz 600mg, tablets, 30 Tabs",Generic,30,8192,90112,11,0.37,Mylan (formerly Matrix) Nashik,9516,101348.75,144.18
11019,Ethiopia,PMO - US,From RDC,N/A - From RDC,Air,29-Jan-09,29-Jan-09,ARV,Adult,SCMS from RDC,SKU0021,"Tenofovir Disoproxil Fumarate 300mg [Viread], tablets, 30 Tabs",Viread,30,3068,52156,17,0.57,"Aspen-OSD, Port Elizabeth, SA",2002,10460.94,102.23
11020,Haiti,PMO - US,From RDC,N/A - From RDC,Air,10-Dec-08,10-Dec-08,ARV,Adult,SCMS from RDC,SKU0003,"Lamivudine 150mg, tablets, 60 Tabs",Generic,60,8100,23571,2.91,0.05,"Aurobindo Unit III, India",404,5866.29,46.2
11021,Zambia,PMO - US,From RDC,N/A - From RDC,Truck,29-Sep-08,29-Sep-08,ARV,Adult,SCMS from RDC,SKU0026,"Efavirenz 600mg, tablets, 30 Tabs",Generic,30,50000,600500,12.01,0.4,Mylan (formerly Matrix) Nashik,3842,15281.81,960.8
11022,Côte d'Ivoire,PMO - US,From RDC,N/A - From RDC,Air,1-Dec-08,1-Dec-08,ARV,Adult,SCMS from RDC,SKU0011,"Lamivudine/Zidovudine 150/300mg, tablets, 60 Tabs",Generic,60,32256,301593.6,9.35,0.16,"Aurobindo Unit III, India",5589,22758.49,591.12
11023,Nigeria,PMO - US,From RDC,N/A - From RDC,Air,24-Mar-09,24-Mar-09,ARV,Adult,SCMS from RDC,SKU0053,"Emtricitabine/Tenofovir Disoproxil Fumarate 200/300mg [Truvada], tablets, 30 Tabs",Truvada,30,2871,75363.75,26.25,0.88,"Aspen-OSD, Port Elizabeth, SA",249,6443.61,147.71
11024,Nigeria,PMO - US,From RDC,N/A - From RDC,Air Charter,19-Mar-09,19-Mar-09,ARV,Adult,SCMS from RDC,SKU0054,"Lamivudine/Nevirapine/Zidovudine 150/200/300mg, tablets, 60 Tabs",Generic,60,5426,61856.4,11.4,0.19,"Aurobindo Unit III, India",610,Freight Included in Commodity Cost,121.24
11025,Nigeria,PMO - US,From RDC,N/A - From RDC,Air Charter,19-Mar-09,19-Mar-09,ARV,Adult,SCMS from RDC,SKU0054,"Lamivudine/Nevirapine/Zidovudine 150/200/300mg, tablets, 60 Tabs",Generic,60,49385,562989,11.4,0.19,"Aurobindo Unit III, India",5553,11492.86,1103.46
11026,Côte d'Ivoire,PMO - US,From RDC,N/A - From RDC,Air,28-Apr-09,28-Apr-09,ARV,Adult,SCMS from RDC,SKU0008,"Lopinavir/Ritonavir 200/50mg [Aluvia], tablets, 120 Tabs",Aluvia,120,12480,512928,41.1,0.34,ABBVIE Ludwigshafen Germany,2803,8669.38,1005.34
11027,Côte d'Ivoire,PMO - US,From RDC,N/A - From RDC,Air,20-Mar-09,20-Mar-09,ARV,Adult,SCMS from RDC,SKU0052,"Ritonavir 100mg [Norvir], capsules, cool, 4 x 84 Caps",Norvir,336,4660,31361.8,6.73,0.02,ABBVIE (Abbott) France,Weight Captured Separately,Invoiced Separately,61.47
11028,Haiti,PMO - US,From RDC,N/A - From RDC,Air,11-Aug-08,11-Aug-08,ARV,Pediatric,SCMS from RDC,SKU0066,"Efavirenz 200mg, capsule, 90 Caps",Generic,90,210,3360,16,0.18,"Aurobindo Unit III, India",26,997.46,5.38
11030,Côte d'Ivoire,PMO - US,From RDC,N/A - From RDC,Air,23-Mar-09,23-Mar-09,ARV,Pediatric,SCMS from RDC,SKU0042,"Lopinavir/Ritonavir 80/20mg/ml [Kaletra], oral solution, cool, Bottle 5 x 60 ml",Kaletra,300,365,15001.5,41.1,0.14,ABBVIE (Abbott) Logis. UK,Weight Captured Separately,Invoiced Separately,29.4
11031,Zimbabwe,PMO - US,From RDC,N/A - From RDC,Truck,27-Apr-09,27-Apr-09,ARV,Adult,SCMS from RDC,SKU0026,"Efavirenz 600mg, tablets, 30 Tabs",Generic,30,4000,48040,12.01,0.4,"Aurobindo Unit III, India",8523,35673.58,94.16
11032,Rwanda,PMO - US,From RDC,N/A - From RDC,Air,27-Apr-09,27-Apr-09,ARV,Adult,SCMS from RDC,SKU0007,"Nevirapine 200mg, tablets, 60 Tabs",Generic,60,7350,22050,3,0.05,Hetero Unit III Hyderabad IN,404,3366.98,43.22
11033,Tanzania,PMO - US,From RDC,N/A - From RDC,Truck,11-May-09,11-May-09,ARV,Adult,SCMS from RDC,SKU0053,"Emtricitabine/Tenofovir Disoproxil Fumarate 200/300mg [Truvada], tablets, 30 Tabs",Truvada,30,37440,982800,26.25,0.88,"Aspen-OSD, Port Elizabeth, SA",5712,5873,1926.29
11037,Kenya,PMO - US,From RDC,N/A - From RDC,Truck,27-Apr-09,27-Apr-09,HRDT,HIV test,SCMS from RDC,SKU0002,"HIV 1/2, Determine Complete HIV Kit, 100 Tests",Determine,100,15000,1200000,80,0.8,Inverness Japan,See DN-1189 (ID#:10759),See DN-1189 (ID#:10759),2352
11039,Nigeria,PMO - US,From RDC,N/A - From RDC,Air Charter,8-May-09,8-May-09,ARV,Adult,SCMS from RDC,SKU0054,"Lamivudine/Nevirapine/Zidovudine 150/200/300mg, tablets, 60 Tabs",Generic,60,69491,792197.4,11.4,0.19,"Aurobindo Unit III, India",7798,15128.37,1552.71
11040,Guyana,PMO - US,From RDC,N/A - From RDC,Air,12-May-09,12-May-09,ARV,Adult,SCMS from RDC,SKU0014,"Zidovudine 300mg, tablets, 60 Tabs",Generic,60,489,3770.19,7.71,0.13,"Aurobindo Unit III, India",28,1047.24,7.39
11540,Guyana,PMO - US,From RDC,N/A - From RDC,Air,25-Jul-08,25-Jul-08,ARV,Adult,SCMS from RDC,SKU0003,"Lamivudine 150mg, tablets, 60 Tabs",Generic,60,431,1249.9,2.9,0.05,"Aurobindo Unit III, India",377,5228.67,2
11041,Uganda,PMO - US,From RDC,N/A - From RDC,Air,1-Jun-09,1-Jun-09,ARV,Adult,SCMS from RDC,SKU0053,"Emtricitabine/Tenofovir Disoproxil Fumarate 200/300mg [Truvada], tablets, 30 Tabs",Truvada,30,260,6825,26.25,0.88,"Aspen-OSD, Port Elizabeth, SA",28,1180.71,13.38
11042,Uganda,PMO - US,From RDC,N/A - From RDC,Air,22-May-09,22-May-09,ARV,Adult,SCMS from RDC,SKU0003,"Lamivudine 150mg, tablets, 60 Tabs",Generic,60,90,219.6,2.44,0.04,"Aurobindo Unit III, India",5,537.32,0.43
11043,Uganda,PMO - US,From RDC,N/A - From RDC,Air,1-Jun-09,1-Jun-09,ARV,Adult,SCMS from RDC,SKU0008,"Lopinavir/Ritonavir 200/50mg [Aluvia], tablets, 120 Tabs",Aluvia,120,100,4110,41.1,0.34,ABBVIE Ludwigshafen Germany,23,1152.63,8.06
11044,Mozambique,PMO - US,From RDC,N/A - From RDC,Truck,28-Jun-09,28-Jun-09,ARV,Adult,SCMS from RDC,SKU0003,"Lamivudine 150mg, tablets, 60 Tabs",Generic,60,2106,5138.64,2.44,0.04,"Aurobindo Unit III, India",3545,3599.76,10.07
11045,Ghana,PMO - US,From RDC,N/A - From RDC,Truck,12-Aug-09,12-Aug-09,ARV,Adult,SCMS from RDC,SKU0041,"Stavudine 15mg, capsules, 60 Caps",Generic,60,150,1.5,0.01,0,"Aurobindo Unit III, India",See DN-1235 (ID#:10769),See DN-1235 (ID#:10769),0
11046,Swaziland,PMO - US,From RDC,N/A - From RDC,Air,21-May-09,21-May-09,ARV,Adult,SCMS from RDC,SKU0029,"Tenofovir Disoproxil Fumarate 300mg, tablets, 30 Tabs",Generic,30,1250,11250,9,0.3,Mylan (formerly Matrix) Nashik,1787,12798.04,22.05
11047,Zambia,PMO - US,From RDC,N/A - From RDC,Truck,8-Jun-09,8-Jun-09,ARV,Adult,SCMS from RDC,SKU0026,"Efavirenz 600mg, tablets, 30 Tabs",Generic,30,100000,1100000,11,0.37,Hetero Unit III Hyderabad IN,7735,15922.67,2156
11048,Nigeria,PMO - US,From RDC,N/A - From RDC,Air Charter,16-Jun-09,16-Jun-09,ARV,Adult,SCMS from RDC,SKU0044,"Lamivudine/Nevirapine/Stavudine 150/200/30mg, tablets, 60 Tabs",Generic,60,5512,39245.44,7.12,0.12,"Cipla, Goa, India",1165,7329.83,76.92
11051,Nigeria,PMO - US,From RDC,N/A - From RDC,Air,5-Jun-09,5-Jun-09,ARV,Adult,SCMS from RDC,SKU0011,"Lamivudine/Zidovudine 150/300mg, tablets, 60 Tabs",Generic,60,264,2312.64,8.76,0.15,Mylan (formerly Matrix) Nashik,27,1012.18,4.53
11052,Uganda,PMO - US,From RDC,N/A - From RDC,Air,1-Jun-09,1-Jun-09,ARV,Adult,SCMS from RDC,SKU0014,"Zidovudine 300mg, tablets, 60 Tabs",Generic,60,105,809.55,7.71,0.13,"Aurobindo Unit III, India",6,1053.86,1.59
11053,Nigeria,PMO - US,From RDC,N/A - From RDC,Air Charter,16-Jun-09,16-Jun-09,ARV,Adult,SCMS from RDC,SKU0044,"Lamivudine/Nevirapine/Stavudine 150/200/30mg, tablets, 60 Tabs",Generic,60,21765,154966.8,7.12,0.12,"Strides, Bangalore, India.",1984,7329.83,303.73
11055,Uganda,PMO - US,From RDC,N/A - From RDC,Air,22-Jun-09,22-Jun-09,ARV,Adult,SCMS from RDC,SKU0054,"Lamivudine/Nevirapine/Zidovudine 150/200/300mg, tablets, 60 Tabs",Generic,60,11216,127301.6,11.35,0.19,"Aurobindo Unit III, India",1894,13293.41,249.51
11056,Nigeria,PMO - US,From RDC,N/A - From RDC,Air Charter,16-Jun-09,16-Jun-09,ARV,Adult,SCMS from RDC,SKU0054,"Lamivudine/Nevirapine/Zidovudine 150/200/300mg, tablets, 60 Tabs",Generic,60,3994,45531.6,11.4,0.19,"Aurobindo Unit III, India",452,7329.83,89.24
11057,Nigeria,PMO - US,From RDC,N/A - From RDC,Air Charter,16-Jun-09,16-Jun-09,ARV,Pediatric,SCMS from RDC,SKU0066,"Efavirenz 200mg, capsule, 90 Caps",Generic,90,3000,45780,15.26,0.17,"Aurobindo Unit III, India",See DN-1296 (ID#:10779),See DN-1296 (ID#:10779),89.73
11058,Guyana,PMO - US,From RDC,N/A - From RDC,Air,18-Jun-09,18-Jun-09,ARV,Adult,SCMS from RDC,SKU0014,"Zidovudine 300mg, tablets, 60 Tabs",Generic,60,810,6245.1,7.71,0.13,"Aurobindo Unit III, India",47,1000.51,12.24
11060,Côte d'Ivoire,PMO - US,From RDC,N/A - From RDC,Air,19-Aug-09,19-Aug-09,ARV,Adult,SCMS from RDC,SKU0104,"Lamivudine/Stavudine 150/30mg, tablets, 60 Tabs",Generic,60,10480,39824,3.8,0.06,"Cipla, Goa, India",786,11032.42,78.06
11061,Zambia,PMO - US,From RDC,N/A - From RDC,Truck,4-Sep-09,4-Sep-09,ARV,Adult,SCMS from RDC,SKU0026,"Efavirenz 600mg, tablets, 30 Tabs",Generic,30,37059,407649,11,0.37,Hetero Unit III Hyderabad IN,2876,4506.18,798.99
11062,Haiti,PMO - US,From RDC,N/A - From RDC,Air,31-Jul-09,31-Jul-09,ARV,Pediatric,SCMS from RDC,SKU0049,"Efavirenz 50mg, capsule, 30 Caps",Generic,30,1092,2446.08,2.24,0.07,"Aurobindo Unit III, India",1585,6811.39,4.79
11063,Haiti,PMO - US,From RDC,N/A - From RDC,Air,31-Jul-09,31-Jul-09,ARV,Pediatric,SCMS from RDC,SKU0001,"Nevirapine 10mg/ml, oral suspension, Bottle, 240 ml",Generic,240,2304,4423.68,1.92,0.01,"Aurobindo Unit III, India",See DN-1373 (ID#:11062),See DN-1373 (ID#:11062),8.67
11066,Côte d'Ivoire,PMO - US,From RDC,N/A - From RDC,Air,8-Sep-09,8-Sep-09,ARV,Adult,SCMS from RDC,SKU0059,"Stavudine 20mg, capsules, 60 Caps",Generic,60,2052,3591,1.75,0.03,"Aurobindo Unit III, India",See DN-1401 (ID#:10793),See DN-1401 (ID#:10793),7.04
11067,Uganda,PMO - US,From RDC,N/A - From RDC,Air,14-Sep-09,14-Sep-09,ARV,Adult,SCMS from RDC,SKU0014,"Zidovudine 300mg, tablets, 60 Tabs",Generic,60,192,1445.76,7.53,0.13,"Aurobindo Unit III, India",11,1112.31,2.83
11068,Uganda,PMO - US,From RDC,N/A - From RDC,Air,8-Oct-09,8-Oct-09,ARV,Adult,SCMS from RDC,SKU0026,"Efavirenz 600mg, tablets, 30 Tabs",Generic,30,3740,26441.8,7.07,0.24,"Aurobindo Unit III, India",322,3054.1,51.83
11069,Côte d'Ivoire,PMO - US,From RDC,N/A - From RDC,Air,28-Sep-09,28-Sep-09,ARV,Adult,SCMS from RDC,SKU0007,"Nevirapine 200mg, tablets, 60 Tabs",Generic,60,8732,25322.8,2.9,0.05,Hetero Unit III Hyderabad IN,485,7302.48,49.63
11070,Nigeria,PMO - US,From RDC,N/A - From RDC,Air Charter,20-Oct-09,20-Oct-09,ARV,Adult,SCMS from RDC,SKU0105,"Emtricitabine/Tenofovir Disoproxil Fumarate 200/300mg, tablets, 30 Tabs",Generic,30,441,5181.75,11.75,0.39,Mylan (formerly Matrix) Nashik,36,9341.49,10.16
11071,Côte d'Ivoire,PMO - US,From RDC,N/A - From RDC,Air,7-Oct-09,7-Oct-09,ARV,Adult,SCMS from RDC,SKU0105,"Emtricitabine/Tenofovir Disoproxil Fumarate 200/300mg, tablets, 30 Tabs",Generic,30,576,6768,11.75,0.39,Mylan (formerly Matrix) Nashik,47,1234.91,13.27
11072,Lebanon,PMO - US,From RDC,N/A - From RDC,Air,18-Nov-09,18-Nov-09,ARV,Adult,SCMS from RDC,SKU0027,"Saquinavir 200mg [Invirase], capsules, 270 Caps",Invirase,270,200,2,0.01,0,Roche Basel,Weight Captured Separately,Invoiced Separately,0
11073,Lebanon,PMO - US,From RDC,N/A - From RDC,Air,18-Nov-09,18-Nov-09,ARV,Adult,SCMS from RDC,SKU0058,"Abacavir 300mg, tablets, 60 Tabs",Generic,60,100,1,0.01,0,Mylan (formerly Matrix) Nashik,Weight Captured Separately,Invoiced Separately,0
11074,Lebanon,PMO - US,From RDC,N/A - From RDC,Air,24-Nov-09,24-Nov-09,ARV,Adult,SCMS from RDC,SKU0011,"Lamivudine/Zidovudine 150/300mg, tablets, 60 Tabs",Generic,60,42,0.42,0.01,0,"Aurobindo Unit III, India",Weight Captured Separately,Invoiced Separately,0
11075,Zambia,PMO - US,From RDC,N/A - From RDC,Truck,29-Oct-09,29-Oct-09,ARV,Adult,SCMS from RDC,SKU0026,"Efavirenz 600mg, tablets, 30 Tabs",Generic,30,34036,196728.08,5.78,0.19,"Aurobindo Unit III, India",2901,4897.42,424.15
11076,Mozambique,PMO - US,From RDC,N/A - From RDC,Air,11-Dec-09,11-Dec-09,ARV,Adult,SCMS from RDC,SKU0104,"Lamivudine/Stavudine 150/30mg, tablets, 60 Tabs",Generic,60,2510,9789,3.9,0.06,"Cipla, Goa, India",190,1317.4,21.11
11077,Nigeria,PMO - US,From RDC,N/A - From RDC,Air Charter,18-Dec-09,18-Dec-09,ARV,Adult,SCMS from RDC,SKU0054,"Lamivudine/Nevirapine/Zidovudine 150/200/300mg, tablets, 60 Tabs",Generic,60,3,34.2,11.4,0.19,"Aurobindo Unit III, India",1,Freight Included in Commodity Cost,0.07
11078,Mozambique,PMO - US,From RDC,N/A - From RDC,Air,23-Feb-10,23-Feb-10,ARV,Adult,SCMS from RDC,SKU0007,"Nevirapine 200mg, tablets, 60 Tabs",Generic,60,1788,5721.6,3.2,0.05,"Cipla, Goa, India",205,1380.45,12.34
11079,Nigeria,PMO - US,From RDC,N/A - From RDC,Air,19-Feb-10,22-Jan-10,ARV,Adult,SCMS from RDC,SKU0105,"Emtricitabine/Tenofovir Disoproxil Fumarate 200/300mg, tablets, 30 Tabs",Generic,30,5,58.75,11.75,0.39,Mylan (formerly Matrix) Nashik,1,19480.97,0.13
11086,Côte d'Ivoire,PMO - US,From RDC,N/A - From RDC,,22-Feb-07,22-Feb-07,ARV,Adult,SCMS from RDC,SKU0026,"Efavirenz 600mg, tablets, 30 Tabs",Generic,30,4350,70687.5,16.25,0.54,"Aurobindo Unit III, India",See DN-16 (ID#:10540),See DN-16 (ID#:10540),
11088,Côte d'Ivoire,PMO - US,From RDC,N/A - From RDC,,22-Feb-07,8-Mar-07,ARV,Adult,SCMS from RDC,SKU0026,"Efavirenz 600mg, tablets, 30 Tabs",Generic,30,3024,49140,16.25,0.54,"Aurobindo Unit III, India",275,1448,
11089,Mozambique,PMO - US,From RDC,N/A - From RDC,Air,9-Jan-07,9-Jan-07,ARV,Adult,SCMS from RDC,SKU0106,"Lamivudine/Zidovudine+Abacavir 150/300+300mg, tablets, co-blister, 60+60 Tabs",Generic,120,1217,69429.85,57.05,0.48,"Aurobindo Unit III, India",See DN-17 (ID#:10541),See DN-17 (ID#:10541),
11090,Mozambique,PMO - US,From RDC,N/A - From RDC,Air,9-Jan-07,9-Jan-07,ARV,Adult,SCMS from RDC,SKU0011,"Lamivudine/Zidovudine 150/300mg, tablets, 60 Tabs",Generic,60,6156,68577.84,11.14,0.19,"Aurobindo Unit III, India",See DN-17 (ID#:10541),See DN-17 (ID#:10541),
11091,Côte d'Ivoire,PMO - US,From RDC,N/A - From RDC,,15-Mar-07,15-Mar-07,ARV,Adult,SCMS from RDC,SKU0021,"Tenofovir Disoproxil Fumarate 300mg [Viread], tablets, 30 Tabs",Viread,30,528,8976,17,0.57,Gilead(Nycomed) Oranienburg DE,368,1619,
11092,Côte d'Ivoire,PMO - US,From RDC,N/A - From RDC,,15-Mar-07,15-Mar-07,ARV,Adult,SCMS from RDC,SKU0027,"Saquinavir 200mg [Invirase], capsules, 270 Caps",Invirase,270,482,37596,78,0.29,Roche Basel,See DN-30 (ID#:11091),See DN-30 (ID#:11091),
11095,Rwanda,PMO - US,From RDC,N/A - From RDC,Air,10-Apr-07,10-Apr-07,HRDT,HIV test,SCMS from RDC,SKU0024,"HIV 1/2, Capillus HIV Kit, 100 Tests",Capillus,100,60,8340,139,1.39,"Trinity Biotech, Plc",353,3684.6,
11096,Botswana,PMO - US,From RDC,N/A - From RDC,,27-Apr-07,27-Apr-07,HRDT,HIV test,SCMS from RDC,SKU0002,"HIV 1/2, Determine Complete HIV Kit, 100 Tests",Determine,100,100,8000,80,0.8,ABBVIE GmbH & Co.KG Wiesbaden,32,695.23,
11097,Nigeria,PMO - US,From RDC,N/A - From RDC,,17-Apr-07,17-Apr-07,ARV,Adult,SCMS from RDC,SKU0004,"Stavudine 30mg, capsules, 60 Caps",Generic,60,1260,2016,1.6,0.03,"Aurobindo Unit III, India",988,4251,
11099,Zimbabwe,PMO - US,From RDC,N/A - From RDC,,26-Apr-07,26-Apr-07,ARV,Adult,SCMS from RDC,SKU0008,"Lopinavir/Ritonavir 200/50mg [Aluvia], tablets, 120 Tabs",Aluvia,120,400,16440,41.1,0.34,ABBVIE Ludwigshafen Germany,87,907.41,
11101,Zambia,PMO - US,From RDC,N/A - From RDC,,4-May-07,4-May-07,ARV,Adult,SCMS from RDC,SKU0026,"Efavirenz 600mg, tablets, 30 Tabs",Generic,30,50112,814821.12,16.26,0.54,"Aurobindo Unit III, India",See DN-122 (ID#:11100),See DN-122 (ID#:11100),
11102,Côte d'Ivoire,PMO - US,From RDC,N/A - From RDC,,4-May-07,4-May-07,ARV,Adult,SCMS from RDC,SKU0026,"Efavirenz 600mg, tablets, 30 Tabs",Generic,30,10000,162500,16.25,0.54,"Aurobindo Unit III, India",901,3006,
11105,Nigeria,PMO - US,From RDC,N/A - From RDC,,23-May-07,23-May-07,ARV,Adult,SCMS from RDC,SKU0095,"Lamivudine/Zidovudine+Nevirapine 150/300+200mg, tablets, co-blister, 60+60 Tabs",Generic,120,5709,117034.5,20.5,0.17,"Aspen-OSD, Port Elizabeth, SA",1238,6433.28,
11107,Mozambique,PMO - US,From RDC,N/A - From RDC,Air,1-Jun-07,1-Jun-07,ARV,Adult,SCMS from RDC,SKU0026,"Efavirenz 600mg, tablets, 30 Tabs",Generic,30,25003,418800.25,16.75,0.56,"Aurobindo Unit III, India",2177,2912.01,
11109,Mozambique,PMO - US,From RDC,N/A - From RDC,Air,17-Apr-07,17-Apr-07,ARV,Pediatric,SCMS from RDC,SKU0071,"Abacavir 20mg/ml, oral solution, Bottle, 240 ml",Generic,240,460,9683,21.05,0.09,"Aurobindo Unit III, India",See DN-44 (ID#:10549),See DN-44 (ID#:10549),
11112,Botswana,PMO - US,From RDC,N/A - From RDC,,27-Apr-07,27-Apr-07,HRDT,HIV test,SCMS from RDC,SKU0018,"HIV 1/2, OraQuick Advance HIV Rapid Antibody Kit, 100 Tests",OraQuick,100,30,12000,400,4,"Pacific Biotech, Thailand",72,947.05,
11113,Côte d'Ivoire,PMO - US,From RDC,N/A - From RDC,,4-May-07,4-May-07,ARV,Adult,SCMS from RDC,SKU0011,"Lamivudine/Zidovudine 150/300mg, tablets, 60 Tabs",Generic,60,10000,102500,10.25,0.17,"Aurobindo Unit III, India",980,3179,
11114,Zambia,PMO - US,From RDC,N/A - From RDC,,3-May-07,3-May-07,ARV,Adult,SCMS from RDC,SKU0011,"Lamivudine/Zidovudine 150/300mg, tablets, 60 Tabs",Generic,60,50549,518127.25,10.25,0.17,"Aurobindo Unit III, India",4680,19288.91,
11115,Mozambique,PMO - US,From RDC,N/A - From RDC,Air,8-Jun-07,8-Jun-07,ARV,Adult,SCMS from RDC,SKU0058,"Abacavir 300mg, tablets, 60 Tabs",Generic,60,4444,159095.2,35.8,0.6,"Aurobindo Unit III, India",633,Freight Included in Commodity Cost,
11117,Côte d'Ivoire,PMO - US,From RDC,N/A - From RDC,,28-Jun-07,28-Jun-07,ARV,Adult,SCMS from RDC,SKU0008,"Lopinavir/Ritonavir 200/50mg [Aluvia], tablets, 120 Tabs",Aluvia,120,4000,164400,41.1,0.34,ABBVIE Ludwigshafen Germany,1015,3256,263.04
11118,Côte d'Ivoire,PMO - US,From RDC,N/A - From RDC,,28-Jun-07,28-Jun-07,ARV,Adult,SCMS from RDC,SKU0058,"Abacavir 300mg, tablets, 60 Tabs",Generic,60,2000,71600,35.8,0.6,"Aurobindo Unit III, India",See DN-194 (ID#:11117),See DN-194 (ID#:11117),114.56
11119,Côte d'Ivoire,PMO - US,From RDC,N/A - From RDC,,21-Jun-07,21-Jun-07,ARV,Adult,SCMS from RDC,SKU0094,"Indinavir 400mg [Crixivan], capsules, 180 Caps",Crixivan,180,4402,220100,50,0.28,MSD Elkton USA,994,3501,
11122,Côte d'Ivoire,PMO - US,From RDC,N/A - From RDC,Air,10-Jul-07,10-Jul-07,ARV,Pediatric,SCMS from RDC,SKU0049,"Efavirenz 50mg, capsule, 30 Caps",Generic,30,4515,10113.6,2.24,0.07,"Aurobindo Unit III, India",259,1574,16.18
11128,Zambia,PMO - US,From RDC,N/A - From RDC,,20-Jun-07,20-Jun-07,ARV,Adult,SCMS from RDC,SKU0011,"Lamivudine/Zidovudine 150/300mg, tablets, 60 Tabs",Generic,60,66370,680292.5,10.25,0.17,"Aurobindo Unit III, India",6243,25729.7,1088.47
11130,Côte d'Ivoire,PMO - US,From RDC,N/A - From RDC,,16-May-07,16-May-07,ARV,Adult,SCMS from RDC,SKU0058,"Abacavir 300mg, tablets, 60 Tabs",Generic,60,1200,42960,35.8,0.6,"Aurobindo Unit III, India",See DN-146 (ID#:10834),See DN-146 (ID#:10834),
11133,Nigeria,PMO - US,From RDC,N/A - From RDC,,26-Jun-07,26-Jun-07,ARV,Adult,SCMS from RDC,SKU0004,"Stavudine 30mg, capsules, 60 Caps",Generic,60,700,1064,1.52,0.03,"Strides, Bangalore, India.",See DN-190 (ID#:10570),See DN-190 (ID#:10570),1.7
11135,Mozambique,PMO - US,From RDC,N/A - From RDC,Air,12-Jul-07,12-Jul-07,ARV,Pediatric,SCMS from RDC,SKU0071,"Abacavir 20mg/ml, oral solution, Bottle, 240 ml",Generic,240,397,8356.85,21.05,0.09,"Aurobindo Unit III, India",141,411.07,13.37
11136,Nigeria,PMO - US,From RDC,N/A - From RDC,,3-Jul-07,3-Jul-07,ARV,Adult,SCMS from RDC,SKU0044,"Lamivudine/Nevirapine/Stavudine 150/200/30mg, tablets, 60 Tabs",Generic,60,1319,9892.5,7.5,0.12,"Cipla, Goa, India",1656,8331.36,15.83
11137,Nigeria,PMO - US,From RDC,N/A - From RDC,,3-Jul-07,3-Jul-07,ARV,Adult,SCMS from RDC,SKU0099,"Lamivudine/Nevirapine/Stavudine 150/200/40mg, tablets, 60 Tabs",Generic,60,1018,7838.6,7.7,0.13,"Cipla, Goa, India",See DN-209 (ID#:11136),See DN-209 (ID#:11136),12.54
11138,Tanzania,PMO - US,From RDC,N/A - From RDC,Air,13-Aug-07,13-Aug-07,ARV,Adult,SCMS from RDC,SKU0008,"Lopinavir/Ritonavir 200/50mg [Aluvia], tablets, 120 Tabs",Aluvia,120,3000,123300,41.1,0.34,ABBVIE Ludwigshafen Germany,1422,4198,197.28
11139,Tanzania,PMO - US,From RDC,N/A - From RDC,Air,30-Jul-07,30-Jul-07,ARV,Adult,SCMS from RDC,SKU0052,"Ritonavir 100mg [Norvir], capsules, cool, 4 x 84 Caps",Norvir,336,157,6022.52,38.36,0.11,ABBVIE (Abbott) Logis. UK,547,2094,9.64
11140,Côte d'Ivoire,PMO - US,From RDC,N/A - From RDC,,14-Aug-07,14-Aug-07,ARV,Adult,SCMS from RDC,SKU0098,"Lamivudine/Stavudine 150/30mg, tablets, 30 Tabs",Generic,30,86821,173642,2,0.07,"Cipla, Goa, India",5697,14893,277.83
11141,Côte d'Ivoire,PMO - US,From RDC,N/A - From RDC,,14-Aug-07,14-Aug-07,ARV,Adult,SCMS from RDC,SKU0044,"Lamivudine/Nevirapine/Stavudine 150/200/30mg, tablets, 60 Tabs",Generic,60,32436,243270,7.5,0.12,"Cipla, Goa, India",3203,8258,389.23
11142,Haiti,PMO - US,From RDC,N/A - From RDC,Air,7-Aug-07,7-Aug-07,HRDT,HIV test,SCMS from RDC,SKU0024,"HIV 1/2, Capillus HIV Kit, 100 Tests",Capillus,100,75,10425,139,1.39,"Trinity Biotech, Plc",50,791.84,16.68
11144,Mozambique,PMO - US,From RDC,N/A - From RDC,Air,10-Oct-07,10-Oct-07,ARV,Pediatric,SCMS from RDC,SKU0066,"Efavirenz 200mg, capsule, 90 Caps",Generic,90,400,6780,16.95,0.19,"Aurobindo Unit III, India",3340,3438.84,10.85
11146,Rwanda,PMO - US,From RDC,N/A - From RDC,Air,16-Jul-07,16-Jul-07,HRDT,HIV test,SCMS from RDC,SKU0024,"HIV 1/2, Capillus HIV Kit, 100 Tests",Capillus,100,150,20850,139,1.39,"Trinity Biotech, Plc",130,1676.91,33.36
11147,Côte d'Ivoire,PMO - US,From RDC,N/A - From RDC,,27-Jul-07,27-Jul-07,HRDT,HIV test,SCMS from RDC,SKU0100,"HIV 2, New LAV Blot 2 HIV Kit, 18 Tests",LAV,18,12,3698.04,308.17,17.12,Bio-Rad Laboratories,46,1607,5.92
11151,Côte d'Ivoire,PMO - US,From RDC,N/A - From RDC,,10-Sep-07,10-Sep-07,ARV,Adult,SCMS from RDC,SKU0026,"Efavirenz 600mg, tablets, 30 Tabs",Generic,30,25037,407101.62,16.26,0.54,"Aurobindo Unit III, India",2213,18101.32,651.36
11153,Tanzania,PMO - US,From RDC,N/A - From RDC,Air,29-Aug-07,29-Aug-07,ARV,Adult,SCMS from RDC,SKU0026,"Efavirenz 600mg, tablets, 30 Tabs",Generic,30,23814,387215.64,16.26,0.54,"Aurobindo Unit III, India",2102,5834,619.55
11154,Mozambique,PMO - US,From RDC,N/A - From RDC,Air,21-Sep-07,21-Sep-07,ARV,Pediatric,SCMS from RDC,SKU0066,"Efavirenz 200mg, capsule, 90 Caps",Generic,90,271,4593.45,16.95,0.19,"Aurobindo Unit III, India",See DN-304 (ID#:10589),See DN-304 (ID#:10589),7.35
11156,Uganda,PMO - US,From RDC,N/A - From RDC,,17-Oct-07,17-Oct-07,ARV,Adult,SCMS from RDC,SKU0004,"Stavudine 30mg, capsules, 60 Caps",Generic,60,294,446.88,1.52,0.03,"Strides, Bangalore, India.",14,632.6,0.72
11160,Uganda,PMO - US,From RDC,N/A - From RDC,Air,5-Nov-07,5-Nov-07,ARV,Adult,SCMS from RDC,SKU0026,"Efavirenz 600mg, tablets, 30 Tabs",Generic,30,1717,21325.14,12.42,0.41,"Strides, Bangalore, India.",See DN-362 (ID#:10600),See DN-362 (ID#:10600),34.12
11161,Zambia,PMO - US,From RDC,N/A - From RDC,,27-Sep-07,27-Sep-07,ARV,Adult,SCMS from RDC,SKU0007,"Nevirapine 200mg, tablets, 60 Tabs",Generic,60,85000,289000,3.4,0.06,"Aurobindo Unit III, India",14311,63886.29,462.4
11661,Uganda,PMO - US,From RDC,N/A - From RDC,Air,14-Aug-09,14-Aug-09,ARV,Adult,SCMS from RDC,SKU0007,"Nevirapine 200mg, tablets, 60 Tabs",Generic,60,2844,8247.6,2.9,0.05,"Aurobindo Unit III, India",1587,11206.84,16.17
11162,Zambia,PMO - US,From RDC,N/A - From RDC,,27-Sep-07,27-Sep-07,ARV,Adult,SCMS from RDC,SKU0026,"Efavirenz 600mg, tablets, 30 Tabs",Generic,30,69783,1360768.5,19.5,0.65,"Cipla, Goa, India",See DN-366 (ID#:11161),See DN-366 (ID#:11161),2177.23
11173,Mozambique,PMO - US,From RDC,N/A - From RDC,Air,5-Oct-07,5-Oct-07,ARV,Adult,SCMS from RDC,SKU0003,"Lamivudine 150mg, tablets, 60 Tabs",Generic,60,200,608,3.04,0.05,"Aurobindo Unit III, India",4241,25442,0.97
11174,Ethiopia,PMO - US,From RDC,N/A - From RDC,,4-Sep-07,4-Sep-07,ARV,Adult,SCMS from RDC,SKU0003,"Lamivudine 150mg, tablets, 60 Tabs",Generic,60,60029,182488.16,3.04,0.05,"Ranbaxy, Paonta Shahib, India",See DN-332 (ID#:10613),See DN-332 (ID#:10613),291.98
11175,Côte d'Ivoire,PMO - US,From RDC,N/A - From RDC,,10-Sep-07,10-Sep-07,ARV,Pediatric,SCMS from RDC,SKU0005,"Zidovudine 10mg/ml, oral solution, Bottle, 240 ml",Generic,240,4286,9214.9,2.15,0.01,"Aurobindo Unit III, India",See DN-327 (ID#:10883),See DN-327 (ID#:10883),14.74
11177,Zambia,PMO - US,From RDC,N/A - From RDC,,2-Nov-07,2-Nov-07,ARV,Pediatric,SCMS from RDC,SKU0066,"Efavirenz 200mg, capsule, 90 Caps",Generic,90,2324,37184,16,0.18,"Aurobindo Unit III, India",See DN-395 (ID#:10887),See DN-395 (ID#:10887),59.49
11186,Côte d'Ivoire,PMO - US,From RDC,N/A - From RDC,Air,22-Oct-07,22-Oct-07,HRDT,HIV test,SCMS from RDC,SKU0017,"HIV 1/2, Determine HIV Kit, without Lancets, 100 Tests",Determine,100,595,42834.05,71.99,0.72,Inverness Japan,200,1642,68.53
11187,Zambia,PMO - US,From RDC,N/A - From RDC,,29-Oct-07,29-Oct-07,ARV,Adult,SCMS from RDC,SKU0011,"Lamivudine/Zidovudine 150/300mg, tablets, 60 Tabs",Generic,60,40761,435327.48,10.68,0.18,"Aurobindo Unit III, India",4221,17549.81,696.52
11188,Zambia,PMO - US,From RDC,N/A - From RDC,,9-Nov-07,9-Nov-07,ARV,Adult,SCMS from RDC,SKU0007,"Nevirapine 200mg, tablets, 60 Tabs",Generic,60,52864,188724.48,3.57,0.06,"Aurobindo Unit III, India",5989,19590.04,301.96
11189,Zimbabwe,PMO - US,From RDC,N/A - From RDC,,22-Oct-07,22-Oct-07,ARV,Adult,SCMS from RDC,SKU0007,"Nevirapine 200mg, tablets, 60 Tabs",Generic,60,500,1835,3.67,0.06,"Aurobindo Unit III, India",47,707.4,2.94
11191,Nigeria,PMO - US,From RDC,N/A - From RDC,Air,4-Dec-07,4-Dec-07,ARV,Pediatric,SCMS from RDC,SKU0066,"Efavirenz 200mg, capsule, 90 Caps",Generic,90,400,6400,16,0.18,"Aurobindo Unit III, India",38,1161.13,10.24
11192,Mozambique,PMO - US,From RDC,N/A - From RDC,Air,22-Nov-07,22-Nov-07,ARV,Adult,SCMS from RDC,SKU0098,"Lamivudine/Stavudine 150/30mg, tablets, 30 Tabs",Generic,30,24140,48280,2,0.07,"Cipla, Goa, India",1434,3682.34,77.25
11194,Côte d'Ivoire,PMO - US,From RDC,N/A - From RDC,Air,13-Nov-07,13-Nov-07,ARV,Adult,SCMS from RDC,SKU0078,"Abacavir/Lamivudine/Zidovudine 300/150/300mg [Trizivir], tablets, 60 Tabs",Trizivir,60,3300,146850,44.5,0.74,GSK Ware (UK),2143,10137.04,234.96
11195,Zambia,PMO - US,From RDC,N/A - From RDC,Truck,21-Feb-08,21-Feb-08,ARV,Adult,SCMS from RDC,SKU0007,"Nevirapine 200mg, tablets, 60 Tabs",Generic,60,9943,33806.2,3.4,0.06,"Aurobindo Unit III, India",See DN-605 (ID#:10636),See DN-605 (ID#:10636),54.09
11196,Zambia,PMO - US,From RDC,N/A - From RDC,Air,20-Feb-08,20-Feb-08,ARV,Pediatric,SCMS from RDC,SKU0066,"Efavirenz 200mg, capsule, 90 Caps",Generic,90,900,14400,16,0.18,"Aurobindo Unit III, India",109,919.66,23.04
11197,Mozambique,PMO - US,From RDC,N/A - From RDC,Air,8-Apr-08,8-Apr-08,ARV,Adult,SCMS from RDC,SKU0098,"Lamivudine/Stavudine 150/30mg, tablets, 30 Tabs",Generic,30,50000,100000,2,0.07,"Cipla, Goa, India",3584,8405.91,160
11198,Uganda,PMO - US,From RDC,N/A - From RDC,Air,10-Dec-07,10-Dec-07,ARV,Adult,SCMS from RDC,SKU0054,"Lamivudine/Nevirapine/Zidovudine 150/200/300mg, tablets, 60 Tabs",Generic,60,3930,80565,20.5,0.34,"Aurobindo Unit III, India",See DN-435 (ID#:10908),See DN-435 (ID#:10908),128.9
11200,Côte d'Ivoire,PMO - US,From RDC,N/A - From RDC,Air,29-Nov-07,29-Nov-07,ARV,Adult,SCMS from RDC,SKU0004,"Stavudine 30mg, capsules, 60 Caps",Generic,60,14000,24500,1.75,0.03,"Strides, Bangalore, India.",989,3452,39.2
11201,Côte d'Ivoire,PMO - US,From RDC,N/A - From RDC,Air,29-Nov-07,29-Nov-07,ARV,Adult,SCMS from RDC,SKU0004,"Stavudine 30mg, capsules, 60 Caps",Generic,60,3996,6993,1.75,0.03,"Aurobindo Unit III, India",See DN-440 (ID#:11200),See DN-440 (ID#:11200),11.19
11202,Côte d'Ivoire,PMO - US,From RDC,N/A - From RDC,Air,22-Nov-07,22-Nov-07,ARV,Pediatric,SCMS from RDC,SKU0102,"Efavirenz 30mg/ml [Stocrin/Sustiva], oral solution, Bottle, 180 ml",Stocrin/Sustiva,180,4077,69186.69,16.97,0.09,"MSD, Haarlem, NL",1554,4963,110.7
11203,Haiti,PMO - US,From RDC,N/A - From RDC,Air,22-Jan-08,22-Jan-08,ARV,Pediatric,SCMS from RDC,SKU0049,"Efavirenz 50mg, capsule, 30 Caps",Generic,30,100,224,2.24,0.07,"Aurobindo Unit III, India",See DN-445 (ID#:10640),See DN-445 (ID#:10640),0.36
11204,Côte d'Ivoire,PMO - US,From RDC,N/A - From RDC,Air,30-Nov-07,30-Nov-07,ARV,Adult,SCMS from RDC,SKU0078,"Abacavir/Lamivudine/Zidovudine 300/150/300mg [Trizivir], tablets, 60 Tabs",Trizivir,60,995,69650,70,1.17,GSK Ware (UK),219,1392,111.44
11205,Côte d'Ivoire,PMO - US,From RDC,N/A - From RDC,Air,17-Jan-08,17-Jan-08,ARV,Adult,SCMS from RDC,SKU0008,"Lopinavir/Ritonavir 200/50mg [Aluvia], tablets, 120 Tabs",Aluvia,120,993,40812.3,41.1,0.34,ABBVIE (Abbott) Logis. UK,217,3499.1,65.3
11206,Zambia,PMO - US,From RDC,N/A - From RDC,,6-Dec-07,6-Dec-07,ARV,Adult,SCMS from RDC,SKU0026,"Efavirenz 600mg, tablets, 30 Tabs",Generic,30,96,1872,19.5,0.65,"Cipla, Goa, India",5,636.52,3
11207,Zambia,PMO - US,From RDC,N/A - From RDC,Air,26-Nov-07,26-Nov-07,ARV,Adult,SCMS from RDC,SKU0026,"Efavirenz 600mg, tablets, 30 Tabs",Generic,30,84,1043.28,12.42,0.41,"Aurobindo Unit III, India",Weight Captured Separately,Invoiced Separately,1.67
11208,Nigeria,PMO - US,From RDC,N/A - From RDC,Air,3-Dec-07,3-Dec-07,ARV,Adult,SCMS from RDC,SKU0011,"Lamivudine/Zidovudine 150/300mg, tablets, 60 Tabs",Generic,60,215,2296.2,10.68,0.18,"Aurobindo Unit III, India",See DN-475 (ID#:10642),See DN-475 (ID#:10642),3.67
11209,Nigeria,PMO - US,From RDC,N/A - From RDC,Air,3-Dec-07,3-Dec-07,ARV,Pediatric,SCMS from RDC,SKU0001,"Nevirapine 10mg/ml, oral suspension, Bottle, 240 ml",Generic,240,965,5983,6.2,0.03,"Aurobindo Unit III, India",See DN-475 (ID#:10642),See DN-475 (ID#:10642),9.57
11210,Zambia,PMO - US,From RDC,N/A - From RDC,,28-Dec-07,28-Dec-07,ARV,Pediatric,SCMS from RDC,SKU0042,"Lopinavir/Ritonavir 80/20mg/ml [Kaletra], oral solution, cool, Bottle 5 x 60 ml",Kaletra,300,630,25893,41.1,0.14,ABBVIE (Abbott) Logis. UK,83,4522.03,41.43
11213,Rwanda,PMO - US,From RDC,N/A - From RDC,Air,5-Dec-07,5-Dec-07,HRDT,HIV test,SCMS from RDC,SKU0017,"HIV 1/2, Determine HIV Kit, without Lancets, 100 Tests",Determine,100,405,29155.95,71.99,0.72,Inverness Japan,130,3187.18,46.65
11217,Ethiopia,PMO - US,From RDC,N/A - From RDC,Air,20-Dec-07,20-Dec-07,ARV,Adult,SCMS from RDC,SKU0011,"Lamivudine/Zidovudine 150/300mg, tablets, 60 Tabs",Generic,60,9692,92074,9.5,0.16,"Aurobindo Unit III, India",1215,6346.22,147.32
11219,Haiti,PMO - US,From RDC,N/A - From RDC,Air,4-Mar-08,21-Feb-08,ARV,Pediatric,SCMS from RDC,SKU0005,"Zidovudine 10mg/ml, oral solution, Bottle, 240 ml",Generic,240,3000,6450,2.15,0.01,"Aurobindo Unit III, India",2584,26877.3,10.32
11222,Nigeria,PMO - US,From RDC,N/A - From RDC,Air,9-Jan-08,9-Jan-08,ARV,Adult,SCMS from RDC,SKU0044,"Lamivudine/Nevirapine/Stavudine 150/200/30mg, tablets, 60 Tabs",Generic,60,2925,21645,7.4,0.12,"Cipla, Goa, India",See DN-535 (ID#:10658),See DN-535 (ID#:10658),34.63
11223,Haiti,PMO - US,From RDC,N/A - From RDC,Air,4-Mar-08,21-Feb-08,ARV,Adult,SCMS from RDC,SKU0041,"Stavudine 15mg, capsules, 60 Caps",Generic,60,120,180,1.5,0.02,"Aurobindo Unit III, India",See DN-614 (ID#:11219),See DN-614 (ID#:11219),0.29
11224,Côte d'Ivoire,PMO - US,From RDC,N/A - From RDC,Air,29-Jan-08,29-Jan-08,ARV,Adult,SCMS from RDC,SKU0011,"Lamivudine/Zidovudine 150/300mg, tablets, 60 Tabs",Generic,60,29593,281133.5,9.5,0.16,"Aurobindo Unit III, India",10877,30167,449.81
11225,Rwanda,PMO - US,From RDC,N/A - From RDC,Air,28-Jan-08,28-Jan-08,ARV,Adult,SCMS from RDC,SKU0004,"Stavudine 30mg, capsules, 60 Caps",Generic,60,392,842.8,2.15,0.04,"Aurobindo Unit III, India",29,1372.38,1.35
11226,Tanzania,PMO - US,From RDC,N/A - From RDC,Air,6-Feb-08,6-Feb-08,ARV,Adult,SCMS from RDC,SKU0058,"Abacavir 300mg, tablets, 60 Tabs",Generic,60,1128,31053.84,27.53,0.46,"Aurobindo Unit III, India",See DN-556 (ID#:10662),See DN-556 (ID#:10662),49.69
11227,Côte d'Ivoire,PMO - US,From RDC,N/A - From RDC,,21-Jan-08,21-Jan-08,HRDT,HIV test,SCMS from RDC,SKU0025,"#108853** HIV, Genie II HIV-1/HIV-2 Kit, 40 Tests",Genie,40,710,53960,76,1.9,Bio-Rad Laboratories,771,3256,86.34
11228,Côte d'Ivoire,PMO - US,From RDC,N/A - From RDC,Air,29-Jan-08,29-Jan-08,ARV,Adult,SCMS from RDC,SKU0008,"Lopinavir/Ritonavir 200/50mg [Aluvia], tablets, 120 Tabs",Aluvia,120,12107,497597.7,41.1,0.34,ABBVIE Ludwigshafen Germany,2647,9307,796.16
11230,Zambia,PMO - US,From RDC,N/A - From RDC,Air,12-Feb-08,12-Feb-08,ARV,Adult,SCMS from RDC,SKU0026,"Efavirenz 600mg, tablets, 30 Tabs",Generic,30,66667,828004.14,12.42,0.41,Mylan (formerly Matrix) Nashik,5253,18856.33,1324.81
11231,Uganda,PMO - US,From RDC,N/A - From RDC,,28-Feb-08,28-Feb-08,ARV,Adult,SCMS from RDC,SKU0011,"Lamivudine/Zidovudine 150/300mg, tablets, 60 Tabs",Generic,60,2883,27388.5,9.5,0.16,"Aurobindo Unit III, India",See DN-589 (ID#:10670),See DN-589 (ID#:10670),43.82
11232,Zimbabwe,PMO - US,From RDC,N/A - From RDC,Truck,21-Apr-08,21-Apr-08,HRDT,HIV test,SCMS from RDC,SKU0019,"HIV 1/2, Bioline 3.0 Kit, Lancets, Capillary pipets, Alcohol swabs included, 25 Tests",Bioline,25,5693,113860,20,0.8,"Standard Diagnostics, Korea",1740,8008.65,182.18
11233,Haiti,PMO - US,From RDC,N/A - From RDC,Air,3-Apr-08,3-Apr-08,ARV,Adult,SCMS from RDC,SKU0011,"Lamivudine/Zidovudine 150/300mg, tablets, 60 Tabs",Generic,60,7558,71423.1,9.45,0.16,"Aurobindo Unit III, India",2166,20578.2,114.28
11234,Haiti,PMO - US,From RDC,N/A - From RDC,Air,31-Mar-08,31-Mar-08,ARV,Adult,SCMS from RDC,SKU0026,"Efavirenz 600mg, tablets, 30 Tabs",Generic,30,19740,237077.4,12.01,0.4,"Aurobindo Unit III, India",2941,31051.3,379.32
11235,Tanzania,PMO - US,From RDC,N/A - From RDC,Air,29-Jul-08,29-Jul-08,ARV,Adult,SCMS from RDC,SKU0011,"Lamivudine/Zidovudine 150/300mg, tablets, 60 Tabs",Generic,60,5809,54895.05,9.45,0.16,"Aurobindo Unit III, India",See DN-826 (ID#:10674),See DN-826 (ID#:10674),87.83
11236,Guyana,PMO - US,From RDC,N/A - From RDC,,21-Feb-08,21-Feb-08,HRDT,HIV test - Ancillary,SCMS from RDC,SKU0022,"HIV, Lancet, Safety, for HIV Test kits, 100 Pcs",Generic,100,152,1.52,0.01,0,Inverness Japan,45,798.59,0
11238,Mozambique,PMO - US,From RDC,N/A - From RDC,Air,30-Jun-08,30-Jun-08,ARV,Adult,SCMS from RDC,SKU0044,"Lamivudine/Nevirapine/Stavudine 150/200/30mg, tablets, 60 Tabs",Generic,60,90955,673067,7.4,0.12,"Cipla, Goa, India",16579,8654.7,1076.91
11239,Nigeria,PMO - US,From RDC,N/A - From RDC,Air,19-Jun-08,19-Jun-08,ARV,Adult,SCMS from RDC,SKU0008,"Lopinavir/Ritonavir 200/50mg [Aluvia], tablets, 120 Tabs",Aluvia,120,84,3452.4,41.1,0.34,ABBVIE Ludwigshafen Germany,See DN-800 (ID#:10953),See DN-800 (ID#:10953),5.52
11240,Nigeria,PMO - US,From RDC,N/A - From RDC,Air,19-Jun-08,19-Jun-08,ARV,Adult,SCMS from RDC,SKU0058,"Abacavir 300mg, tablets, 60 Tabs",Generic,60,4,105.2,26.3,0.44,Mylan (formerly Matrix) Nashik,See DN-800 (ID#:10953),See DN-800 (ID#:10953),0.17
11241,Haiti,PMO - US,From RDC,N/A - From RDC,Air,2-Jun-08,2-Jun-08,ARV,Pediatric,SCMS from RDC,SKU0001,"Nevirapine 10mg/ml, oral suspension, Bottle, 240 ml",Generic,240,2112,4055.04,1.92,0.01,"Aurobindo Unit III, India",See DN-744 (ID#:10684),See DN-744 (ID#:10684),6.49
11242,Zambia,PMO - US,From RDC,N/A - From RDC,,1-Apr-08,1-Apr-08,ARV,Adult,SCMS from RDC,SKU0007,"Nevirapine 200mg, tablets, 60 Tabs",Generic,60,32358,110017.2,3.4,0.06,"Ranbaxy, Paonta Shahib, India",3146,13332,176.03
11243,Nigeria,PMO - US,From RDC,N/A - From RDC,Air,16-Jul-08,16-Jul-08,ARV,Adult,SCMS from RDC,SKU0003,"Lamivudine 150mg, tablets, 60 Tabs",Generic,60,2100,6090,2.9,0.05,"Aurobindo Unit III, India",153,1280.91,9.74
11244,Nigeria,PMO - US,From RDC,N/A - From RDC,Air,31-Jul-08,31-Jul-08,ARV,Adult,SCMS from RDC,SKU0011,"Lamivudine/Zidovudine 150/300mg, tablets, 60 Tabs",Generic,60,14277,134917.65,9.45,0.16,"Aurobindo Unit III, India",2033,15307.62,215.87
11245,Zambia,PMO - US,From RDC,N/A - From RDC,Truck,14-Mar-08,14-Mar-08,ARV,Adult,SCMS from RDC,SKU0007,"Nevirapine 200mg, tablets, 60 Tabs",Generic,60,27662,94050.8,3.4,0.06,Hetero Unit III Hyderabad IN,4128,6539.8,150.48
11246,Haiti,PMO - US,From RDC,N/A - From RDC,Air,3-Apr-08,3-Apr-08,HRDT,HIV test,SCMS from RDC,SKU0017,"HIV 1/2, Determine HIV Kit, without Lancets, 100 Tests",Determine,100,10,720,72,0.72,Inverness Japan,See DN-686 (ID#:10691),See DN-686 (ID#:10691),1.15
11247,Kenya,PMO - US,From RDC,N/A - From RDC,Truck,5-Mar-08,5-Mar-08,HRDT,HIV test,SCMS from RDC,SKU0017,"HIV 1/2, Determine HIV Kit, without Lancets, 100 Tests",Determine,100,1550,123984.5,79.99,0.8,Inverness Japan,Weight Captured Separately,Invoiced Separately,198.38
11248,Zambia,PMO - US,From RDC,N/A - From RDC,Truck,19-Jun-08,19-Jun-08,ARV,Adult,SCMS from RDC,SKU0026,"Efavirenz 600mg, tablets, 30 Tabs",Generic,30,50000,600500,12.01,0.4,Mylan (formerly Matrix) Nashik,3422,5936.99,960.8
11249,Ethiopia,PMO - US,From RDC,N/A - From RDC,Air,12-Mar-08,12-Mar-08,ARV,Adult,SCMS from RDC,SKU0003,"Lamivudine 150mg, tablets, 60 Tabs",Generic,60,14044,42693.76,3.04,0.05,"Ranbaxy, Paonta Shahib, India",732,2963.8,68.31
11250,Côte d'Ivoire,PMO - US,From RDC,N/A - From RDC,Air,27-Jun-08,27-Jun-08,ARV,Pediatric,SCMS from RDC,SKU0066,"Efavirenz 200mg, capsule, 90 Caps",Generic,90,3885,62160,16,0.18,"Aurobindo Unit III, India",467,6299.56,99.46
11252,Kenya,PMO - US,From RDC,N/A - From RDC,Truck,26-Mar-08,26-Mar-08,HRDT,HIV test,SCMS from RDC,SKU0009,"HIV 1/2, Uni-Gold HIV Kit, 20 Tests",Uni-Gold,20,1200,38400,32,1.6,"Trinity Biotech, Plc",See DN-667 (ID#:10967),See DN-667 (ID#:10967),61.44
11257,Mozambique,PMO - US,From RDC,N/A - From RDC,Truck,7-Aug-08,7-Aug-08,ARV,Adult,SCMS from RDC,SKU0054,"Lamivudine/Nevirapine/Zidovudine 150/200/300mg, tablets, 60 Tabs",Generic,60,16610,224235,13.5,0.22,"Cipla, Goa, India",2298,3733.57,358.78
11258,Mozambique,PMO - US,From RDC,N/A - From RDC,Air,23-Jun-08,23-Jun-08,ARV,Adult,SCMS from RDC,SKU0014,"Zidovudine 300mg, tablets, 60 Tabs",Generic,60,3060,24939,8.15,0.14,"Aurobindo Unit III, India",See DN-698 (ID#:10970),See DN-698 (ID#:10970),39.9
11259,Zimbabwe,PMO - US,From RDC,N/A - From RDC,Air,30-Mar-08,30-Mar-08,ARV,Adult,SCMS from RDC,SKU0026,"Efavirenz 600mg, tablets, 30 Tabs",Generic,30,1233,15313.86,12.42,0.41,Mylan (formerly Matrix) Nashik,See DN-687 (ID#:10697),See DN-687 (ID#:10697),24.5
11260,Nigeria,PMO - US,From RDC,N/A - From RDC,Air,26-May-08,26-May-08,ARV,Adult,SCMS from RDC,SKU0011,"Lamivudine/Zidovudine 150/300mg, tablets, 60 Tabs",Generic,60,1887,17832.15,9.45,0.16,"Aurobindo Unit III, India",273,2446.58,28.53
11261,Nigeria,PMO - US,From RDC,N/A - From RDC,Air,26-May-08,26-May-08,ARV,Adult,SCMS from RDC,SKU0098,"Lamivudine/Stavudine 150/30mg, tablets, 30 Tabs",Generic,30,1566,3132,2,0.07,"Cipla, Goa, India",See DN-730 (ID#:11260),See DN-730 (ID#:11260),5.01
11263,Ethiopia,PMO - US,From RDC,N/A - From RDC,Air,21-Apr-08,21-Apr-08,ARV,Pediatric,SCMS from RDC,SKU0005,"Zidovudine 10mg/ml, oral solution, Bottle, 240 ml",Generic,240,1846,3968.9,2.15,0.01,"Aurobindo Unit III, India",773,3472.55,6.35
11265,Haiti,PMO - US,From RDC,N/A - From RDC,Air,14-Apr-08,14-Apr-08,ARV,Pediatric,SCMS from RDC,SKU0048,"Lamivudine 10mg/ml, oral solution, Bottle, 240 ml",Generic,240,4338,8545.86,1.97,0.01,"Aurobindo Unit III, India",See DN-690 (ID#:10706),See DN-690 (ID#:10706),13.67
11267,Zimbabwe,PMO - US,From RDC,N/A - From RDC,Air,17-Jun-08,17-Jun-08,HRDT,HIV test,SCMS from RDC,SKU0017,"HIV 1/2, Determine HIV Kit, without Lancets, 100 Tests",Determine,100,550,39594.5,71.99,0.72,Inverness Japan,161,939.12,63.35
11268,Zimbabwe,PMO - US,From RDC,N/A - From RDC,Truck,17-Jun-08,17-Jun-08,HRDT,HIV test - Ancillary,SCMS from RDC,SKU0022,"HIV, Lancet, Safety, for HIV Test kits, 100 Pcs",Generic,100,1800,18,0.01,0,Inverness Japan,526,2185.82,0.03
11269,Uganda,PMO - US,From RDC,N/A - From RDC,Air,21-Aug-08,21-Aug-08,ARV,Adult,SCMS from RDC,SKU0044,"Lamivudine/Nevirapine/Stavudine 150/200/30mg, tablets, 60 Tabs",Generic,60,2700,19980,7.4,0.12,"Strides, Bangalore, India.",199,1476.8,31.97
11528,Zambia,PMO - US,From RDC,N/A - From RDC,Truck,29-Jul-08,29-Jul-08,ARV,Adult,SCMS from RDC,SKU0026,"Efavirenz 600mg, tablets, 30 Tabs",Generic,30,50000,600500,12.01,0.4,Mylan (formerly Matrix) Nashik,3882,5468.93,960.8
11270,Uganda,PMO - US,From RDC,N/A - From RDC,Air,21-Aug-08,21-Aug-08,ARV,Adult,SCMS from RDC,SKU0011,"Lamivudine/Zidovudine 150/300mg, tablets, 60 Tabs",Generic,60,1350,12757.5,9.45,0.16,"Aurobindo Unit III, India",239,1277.22,20.41
11271,Zambia,PMO - US,From RDC,N/A - From RDC,Truck,23-Jul-08,23-Jul-08,ARV,Adult,SCMS from RDC,SKU0044,"Lamivudine/Nevirapine/Stavudine 150/200/30mg, tablets, 60 Tabs",Generic,60,60000,432000,7.2,0.12,"Strides, Bangalore, India.",12606,7053.51,691.2
11273,Tanzania,PMO - US,From RDC,N/A - From RDC,Truck,26-Sep-08,26-Sep-08,ARV,Adult,SCMS from RDC,SKU0008,"Lopinavir/Ritonavir 200/50mg [Aluvia], tablets, 120 Tabs",Aluvia,120,2580,106038,41.1,0.34,ABBVIE Ludwigshafen Germany,587,1146.27,169.66
11274,Zambia,PMO - US,From RDC,N/A - From RDC,Truck,8-Dec-08,8-Dec-08,ARV,Adult,SCMS from RDC,SKU0014,"Zidovudine 300mg, tablets, 60 Tabs",Generic,60,1294,10546.1,8.15,0.14,"Aurobindo Unit III, India",76,1062.5,20.67
11275,Côte d'Ivoire,PMO - US,From RDC,N/A - From RDC,Air,19-Dec-08,19-Dec-08,ARV,Adult,SCMS from RDC,SKU0011,"Lamivudine/Zidovudine 150/300mg, tablets, 60 Tabs",Generic,60,6786,63449.1,9.35,0.16,"Aurobindo Unit III, India",620,2739.3,124.36
11276,Haiti,PMO - US,From RDC,N/A - From RDC,Air,17-Nov-08,17-Nov-08,ARV,Pediatric,SCMS from RDC,SKU0005,"Zidovudine 10mg/ml, oral solution, Bottle, 240 ml",Generic,240,10000,21000,2.1,0.01,"Aurobindo Unit III, India",3720,43704.8,41.16
11277,Côte d'Ivoire,PMO - US,From RDC,N/A - From RDC,Air,21-Nov-08,21-Nov-08,ARV,Adult,SCMS from RDC,SKU0026,"Efavirenz 600mg, tablets, 30 Tabs",Generic,30,2410,28245.2,11.72,0.39,Mylan (formerly Matrix) Nashik,182,1409.26,55.36
11278,Nigeria,PMO - US,From RDC,N/A - From RDC,Air,26-Nov-08,26-Nov-08,ARV,Adult,SCMS from RDC,SKU0011,"Lamivudine/Zidovudine 150/300mg, tablets, 60 Tabs",Generic,60,11569,109327.05,9.45,0.16,"Aurobindo Unit III, India",1072,8504.72,214.28
11280,Pakistan,PMO - US,From RDC,N/A - From RDC,Air,17-Nov-08,17-Nov-08,HRDT,HIV test,SCMS from RDC,SKU0009,"HIV 1/2, Uni-Gold HIV Kit, 20 Tests",Uni-Gold,20,25,800,32,1.6,"Trinity Biotech, Plc",19,851.24,1.57
11281,Zambia,PMO - US,From RDC,N/A - From RDC,Air,2-Mar-09,2-Mar-09,ARV,Adult,SCMS from RDC,SKU0014,"Zidovudine 300mg, tablets, 60 Tabs",Generic,60,10000,79000,7.9,0.13,"Aurobindo Unit III, India",581,3238,154.84
11282,Nigeria,PMO - US,From RDC,N/A - From RDC,Air,9-Feb-09,9-Feb-09,ARV,Adult,SCMS from RDC,SKU0058,"Abacavir 300mg, tablets, 60 Tabs",Generic,60,4,105.2,26.3,0.44,"Aurobindo Unit III, India",1,165,0.21
11283,Nigeria,PMO - US,From RDC,N/A - From RDC,Air,10-Sep-08,10-Sep-08,ARV,Adult,SCMS from RDC,SKU0026,"Efavirenz 600mg, tablets, 30 Tabs",Generic,30,12000,140640,11.72,0.39,"Aurobindo Unit III, India",See DN-897 (ID#:10722),See DN-897 (ID#:10722),225.02
11284,Zimbabwe,PMO - US,From RDC,N/A - From RDC,Truck,12-Sep-08,12-Sep-08,ARV,Adult,SCMS from RDC,SKU0026,"Efavirenz 600mg, tablets, 30 Tabs",Generic,30,4000,48040,12.01,0.4,"Aurobindo Unit III, India",8481,30585.17,76.86
11286,Zimbabwe,PMO - US,From RDC,N/A - From RDC,Truck,26-Jul-08,26-Jul-08,ARV,Adult,SCMS from RDC,SKU0026,"Efavirenz 600mg, tablets, 30 Tabs",Generic,30,4000,48040,12.01,0.4,"Aurobindo Unit III, India",342,1648.64,76.86
11289,Uganda,PMO - US,From RDC,N/A - From RDC,Air,9-Dec-08,9-Dec-08,ARV,Adult,SCMS from RDC,SKU0008,"Lopinavir/Ritonavir 200/50mg [Aluvia], tablets, 120 Tabs",Aluvia,120,60,2466,41.1,0.34,ABBVIE Ludwigshafen Germany,547,2437.63,4.83
11290,Côte d'Ivoire,PMO - US,From RDC,N/A - From RDC,Air,7-Oct-08,7-Oct-08,ARV,Adult,SCMS from RDC,SKU0029,"Tenofovir Disoproxil Fumarate 300mg, tablets, 30 Tabs",Generic,30,5547,94299,17,0.57,Mylan (formerly Matrix) Nashik,333,1793.11,150.88
11291,Uganda,PMO - US,From RDC,N/A - From RDC,Air,9-Dec-08,9-Dec-08,ARV,Adult,SCMS from RDC,SKU0011,"Lamivudine/Zidovudine 150/300mg, tablets, 60 Tabs",Generic,60,1144,10696.4,9.35,0.16,"Aurobindo Unit III, India",See DN-990 (ID#:11001),See DN-990 (ID#:11001),20.96
11292,Ethiopia,PMO - US,From RDC,N/A - From RDC,Air,3-Mar-09,3-Mar-09,ARV,Adult,SCMS from RDC,SKU0104,"Lamivudine/Stavudine 150/30mg, tablets, 60 Tabs",Generic,60,1044,3967.2,3.8,0.06,Mylan (formerly Matrix) Nashik,See DN-1052 (ID#:10737),See DN-1052 (ID#:10737),7.78
11293,Tanzania,PMO - US,From RDC,N/A - From RDC,Truck,6-Mar-09,6-Mar-09,ARV,Pediatric,SCMS from RDC,SKU0071,"Abacavir 20mg/ml, oral solution, Bottle, 240 ml",Generic,240,4439,71689.85,16.15,0.07,"Aurobindo Unit III, India",1592,6708.25,140.51
11294,Haiti,PMO - US,From RDC,N/A - From RDC,Air,3-Mar-09,3-Mar-09,ARV,Pediatric,SCMS from RDC,SKU0066,"Efavirenz 200mg, capsule, 90 Caps",Generic,90,210,3204.6,15.26,0.17,"Aurobindo Unit III, India",See DN-1100 (ID#:11005),See DN-1100 (ID#:11005),6.28
11295,Uganda,PMO - US,From RDC,N/A - From RDC,Air,5-Mar-09,5-Mar-09,ARV,Adult,SCMS from RDC,SKU0053,"Emtricitabine/Tenofovir Disoproxil Fumarate 200/300mg [Truvada], tablets, 30 Tabs",Truvada,30,382,10027.5,26.25,0.88,"Aspen-OSD, Port Elizabeth, SA",177,2151.27,19.65
11298,Uganda,PMO - US,From RDC,N/A - From RDC,Air,8-Apr-09,8-Apr-09,ARV,Adult,SCMS from RDC,SKU0053,"Emtricitabine/Tenofovir Disoproxil Fumarate 200/300mg [Truvada], tablets, 30 Tabs",Truvada,30,3014,79117.5,26.25,0.88,"Aspen-OSD, Port Elizabeth, SA",291,1755,155.07
11299,Haiti,PMO - US,From RDC,N/A - From RDC,Air,4-Nov-08,4-Nov-08,ARV,Pediatric,SCMS from RDC,SKU0048,"Lamivudine 10mg/ml, oral solution, Bottle, 240 ml",Generic,240,14405,27369.5,1.9,0.01,"Aurobindo Unit III, India",See DN-944 (ID#:11012),See DN-944 (ID#:11012),53.64
11300,Nigeria,PMO - US,From RDC,N/A - From RDC,Air,19-Jan-09,19-Jan-09,ARV,Adult,SCMS from RDC,SKU0011,"Lamivudine/Zidovudine 150/300mg, tablets, 60 Tabs",Generic,60,45000,420750,9.35,0.16,"Aurobindo Unit III, India",See DN-1058 (ID#:11015),See DN-1058 (ID#:11015),824.67
11301,Kenya,PMO - US,From RDC,N/A - From RDC,Truck,11-Feb-09,11-Feb-09,HRDT,HIV test,SCMS from RDC,SKU0009,"HIV 1/2, Uni-Gold HIV Kit, 20 Tests",Uni-Gold,20,750,24000,32,1.6,"Trinity Biotech, Plc",241,188,47.04
11302,Uganda,PMO - US,From RDC,N/A - From RDC,Air,27-Nov-08,27-Nov-08,ARV,Adult,SCMS from RDC,SKU0011,"Lamivudine/Zidovudine 150/300mg, tablets, 60 Tabs",Generic,60,5377,50274.95,9.35,0.16,"Aurobindo Unit III, India",501,3266.38,98.54
11303,Ethiopia,PMO - US,From RDC,N/A - From RDC,Air,20-Mar-09,20-Mar-09,ARV,Adult,SCMS from RDC,SKU0054,"Lamivudine/Nevirapine/Zidovudine 150/200/300mg, tablets, 60 Tabs",Generic,60,11188,132018.4,11.8,0.2,Mylan (formerly Matrix) Nashik,1435,9138,258.76
11304,Mozambique,PMO - US,From RDC,N/A - From RDC,Truck,14-Nov-08,14-Nov-08,ARV,Adult,SCMS from RDC,SKU0044,"Lamivudine/Nevirapine/Stavudine 150/200/30mg, tablets, 60 Tabs",Generic,60,125009,900064.8,7.2,0.12,"Strides, Bangalore, India.",7910,1012.43,1440.1
11305,Nigeria,PMO - US,From RDC,N/A - From RDC,Air,2-Oct-08,2-Oct-08,ARV,Adult,SCMS from RDC,SKU0104,"Lamivudine/Stavudine 150/30mg, tablets, 60 Tabs",Generic,60,969,3779.1,3.9,0.06,Mylan (formerly Matrix) Nashik,71,1181.41,6.05
11306,Nigeria,PMO - US,From RDC,N/A - From RDC,Air,16-Feb-09,16-Feb-09,ARV,Adult,SCMS from RDC,SKU0026,"Efavirenz 600mg, tablets, 30 Tabs",Generic,30,2063,24178.36,11.72,0.39,"Aurobindo Unit III, India",176,3680.33,47.39
11307,Côte d'Ivoire,PMO - US,From RDC,N/A - From RDC,Air,27-Nov-08,27-Nov-08,ARV,Pediatric,SCMS from RDC,SKU0005,"Zidovudine 10mg/ml, oral solution, Bottle, 240 ml",Generic,240,5800,12180,2.1,0.01,"Aurobindo Unit III, India",2177,5127.91,23.87
11309,Uganda,PMO - US,From RDC,N/A - From RDC,Air,8-Oct-08,8-Oct-08,ARV,Adult,SCMS from RDC,SKU0008,"Lopinavir/Ritonavir 200/50mg [Aluvia], tablets, 120 Tabs",Aluvia,120,80,3288,41.1,0.34,ABBVIE Ludwigshafen Germany,18,418.75,5.26
11310,Rwanda,PMO - US,From RDC,N/A - From RDC,Air,9-Apr-09,9-Apr-09,ARV,Adult,SCMS from RDC,SKU0003,"Lamivudine 150mg, tablets, 60 Tabs",Generic,60,6385,15579.4,2.44,0.04,"Aurobindo Unit III, India",327,1762.5,30.54
11312,Kenya,PMO - US,From RDC,N/A - From RDC,Truck,23-Apr-09,23-Apr-09,ARV,Pediatric,SCMS from RDC,SKU0102,"Efavirenz 30mg/ml [Stocrin/Sustiva], oral solution, Bottle, 180 ml",Stocrin/Sustiva,180,3930,39.3,0.01,0,"MSD, Haarlem, NL",Weight Captured Separately,Invoiced Separately,0.08
11313,Nigeria,PMO - US,From RDC,N/A - From RDC,Air Charter,8-May-09,8-May-09,ARV,Adult,SCMS from RDC,SKU0054,"Lamivudine/Nevirapine/Zidovudine 150/200/300mg, tablets, 60 Tabs",Generic,60,53671,611849.4,11.4,0.19,"Aurobindo Unit III, India",6024,15128.37,1199.22
11314,Haiti,PMO - US,From RDC,N/A - From RDC,Air,19-May-09,19-May-09,ARV,Pediatric,SCMS from RDC,SKU0066,"Efavirenz 200mg, capsule, 90 Caps",Generic,90,420,6409.2,15.26,0.17,"Aurobindo Unit III, India",199,3133.23,12.56
11315,Nigeria,PMO - US,From RDC,N/A - From RDC,Air,14-May-09,14-May-09,ARV,Adult,SCMS from RDC,SKU0054,"Lamivudine/Nevirapine/Zidovudine 150/200/300mg, tablets, 60 Tabs",Generic,60,16698,190357.2,11.4,0.19,"Aurobindo Unit III, India",1901,18638.84,373.1
11316,Nigeria,PMO - US,From RDC,N/A - From RDC,Air,14-May-09,14-May-09,ARV,Adult,SCMS from RDC,SKU0054,"Lamivudine/Nevirapine/Zidovudine 150/200/300mg, tablets, 60 Tabs",Generic,60,9483,108106.2,11.4,0.19,"Aurobindo Unit III, India",1079,10823.52,211.89
11317,Uganda,PMO - US,From RDC,N/A - From RDC,Air,24-Jun-09,24-Jun-09,ARV,Adult,SCMS from RDC,SKU0026,"Efavirenz 600mg, tablets, 30 Tabs",Generic,30,867,8427.24,9.72,0.32,Mylan (formerly Matrix) Nashik,76,1954.23,16.52
11318,Mozambique,PMO - US,From RDC,N/A - From RDC,Truck,28-Jun-09,28-Jun-09,ARV,Adult,SCMS from RDC,SKU0026,"Efavirenz 600mg, tablets, 30 Tabs",Generic,30,19400,188568,9.72,0.32,Mylan (formerly Matrix) Nashik,See DN-1231 (ID#:11044),See DN-1231 (ID#:11044),369.59
11319,Uganda,PMO - US,From RDC,N/A - From RDC,Air,1-Jun-09,1-Jun-09,ARV,Adult,SCMS from RDC,SKU0053,"Emtricitabine/Tenofovir Disoproxil Fumarate 200/300mg [Truvada], tablets, 30 Tabs",Truvada,30,90,2362.5,26.25,0.88,"Aspen-OSD, Port Elizabeth, SA",See DN-1232 (ID#:10766),See DN-1232 (ID#:10766),4.63
11320,Mozambique,PMO - US,From RDC,N/A - From RDC,Air,16-Jun-09,16-Jun-09,ARV,Adult,SCMS from RDC,SKU0054,"Lamivudine/Nevirapine/Zidovudine 150/200/300mg, tablets, 60 Tabs",Generic,60,7044,83119.2,11.8,0.2,Mylan (formerly Matrix) Nashik,Weight Captured Separately,Invoiced Separately,162.91
11321,Ghana,PMO - US,From RDC,N/A - From RDC,Truck,12-Aug-09,12-Aug-09,ARV,Pediatric,SCMS from RDC,SKU0082,"Didanosine 100mg, chewable/dispersible tablets, 60 Tabs",Generic,60,888,8.88,0.01,0,"Aurobindo Unit III, India",See DN-1235 (ID#:10769),See DN-1235 (ID#:10769),0.02
11322,Zambia,PMO - US,From RDC,N/A - From RDC,Truck,10-Jun-09,10-Jun-09,ARV,Adult,SCMS from RDC,SKU0026,"Efavirenz 600mg, tablets, 30 Tabs",Generic,30,107180,857440,8,0.27,Mylan (formerly Matrix) Nashik,7995,Freight Included in Commodity Cost,1680.58
11326,Zambia,PMO - US,From RDC,N/A - From RDC,Truck,15-Jun-09,15-Jun-09,ARV,Adult,SCMS from RDC,SKU0058,"Abacavir 300mg, tablets, 60 Tabs",Generic,60,4594,116917.3,25.45,0.42,Mylan (formerly Matrix) Nashik,See DN-1250 (ID#:10774),See DN-1250 (ID#:10774),229.16
11327,Zambia,PMO - US,From RDC,N/A - From RDC,Truck,15-Jun-09,15-Jun-09,ARV,Adult,SCMS from RDC,SKU0044,"Lamivudine/Nevirapine/Stavudine 150/200/30mg, tablets, 60 Tabs",Generic,60,95000,676400,7.12,0.12,"Cipla, Goa, India",See DN-1250 (ID#:10774),See DN-1250 (ID#:10774),1325.74
11331,Nigeria,PMO - US,From RDC,N/A - From RDC,Air Charter,16-Jun-09,16-Jun-09,ARV,Adult,SCMS from RDC,SKU0107,"Lamivudine/Tenofovir Disoproxil Fumarate 300/300mg, tablets, 30 Tabs",Generic,30,11000,126500,11.5,0.38,Mylan (formerly Matrix) Nashik,966,7329.83,247.94
11332,Zimbabwe,PMO - US,From RDC,N/A - From RDC,Truck,22-Jun-09,22-Jun-09,ARV,Adult,SCMS from RDC,SKU0044,"Lamivudine/Nevirapine/Stavudine 150/200/30mg, tablets, 60 Tabs",Generic,60,76000,541120,7.12,0.12,"Cipla, Goa, India",8955,14958.2,1060.6
11333,Nigeria,PMO - US,From RDC,N/A - From RDC,Air Charter,16-Jun-09,16-Jun-09,ARV,Adult,SCMS from RDC,SKU0044,"Lamivudine/Nevirapine/Stavudine 150/200/30mg, tablets, 60 Tabs",Generic,60,40000,284800,7.12,0.12,"Strides, Bangalore, India.",2970,7329.83,558.21
11336,Côte d'Ivoire,PMO - US,From RDC,N/A - From RDC,Air,14-Jul-09,14-Jul-09,ARV,Adult,SCMS from RDC,SKU0029,"Tenofovir Disoproxil Fumarate 300mg, tablets, 30 Tabs",Generic,30,6000,79680,13.28,0.44,Mylan (formerly Matrix) Nashik,See DN-1315 (ID#:10781),See DN-1315 (ID#:10781),156.17
11337,Namibia,PMO - US,From RDC,N/A - From RDC,Truck,16-Jul-09,16-Jul-09,ARV,Adult,SCMS from RDC,SKU0107,"Lamivudine/Tenofovir Disoproxil Fumarate 300/300mg, tablets, 30 Tabs",Generic,30,25000,250000,10,0.33,Mylan (formerly Matrix) Nashik,2068,8502.12,490
11338,Côte d'Ivoire,PMO - US,From RDC,N/A - From RDC,Air,16-Jul-09,16-Jul-09,ARV,Adult,SCMS from RDC,SKU0104,"Lamivudine/Stavudine 150/30mg, tablets, 60 Tabs",Generic,60,9560,36328,3.8,0.06,Mylan (formerly Matrix) Nashik,722,2787.55,71.2
11339,Côte d'Ivoire,PMO - US,From RDC,N/A - From RDC,Air,16-Jul-09,16-Jul-09,ARV,Adult,SCMS from RDC,SKU0041,"Stavudine 15mg, capsules, 60 Caps",Generic,60,296,444,1.5,0.02,"Aurobindo Unit III, India",See DN-1335 (ID#:11338),See DN-1335 (ID#:11338),0.87
11340,Nigeria,PMO - US,From RDC,N/A - From RDC,Air Charter,4-Aug-09,4-Aug-09,ARV,Adult,SCMS from RDC,SKU0054,"Lamivudine/Nevirapine/Zidovudine 150/200/300mg, tablets, 60 Tabs",Generic,60,26550,302670,11.4,0.19,"Aurobindo Unit III, India",2991,7445.8,593.23
11341,Nigeria,PMO - US,From RDC,N/A - From RDC,Air Charter,4-Aug-09,4-Aug-09,ARV,Adult,SCMS from RDC,SKU0054,"Lamivudine/Nevirapine/Zidovudine 150/200/300mg, tablets, 60 Tabs",Generic,60,41948,478207.2,11.4,0.19,"Aurobindo Unit III, India",4724,7445.8,937.29
11342,Nigeria,PMO - US,From RDC,N/A - From RDC,Air Charter,4-Aug-09,4-Aug-09,ARV,Adult,SCMS from RDC,SKU0053,"Emtricitabine/Tenofovir Disoproxil Fumarate 200/300mg [Truvada], tablets, 30 Tabs",Truvada,30,240,6300,26.25,0.88,"Aspen-OSD, Port Elizabeth, SA",21,7445.8,12.35
11343,Nigeria,PMO - US,From RDC,N/A - From RDC,Air Charter,4-Aug-09,4-Aug-09,ARV,Adult,SCMS from RDC,SKU0053,"Emtricitabine/Tenofovir Disoproxil Fumarate 200/300mg [Truvada], tablets, 30 Tabs",Truvada,30,662,17377.5,26.25,0.88,"Aspen-OSD, Port Elizabeth, SA",58,7445.8,34.06
11344,Côte d'Ivoire,PMO - US,From RDC,N/A - From RDC,Air,11-Aug-09,11-Aug-09,ARV,Adult,SCMS from RDC,SKU0026,"Efavirenz 600mg, tablets, 30 Tabs",Generic,30,5010,48697.2,9.72,0.32,"Aurobindo Unit III, India",434,1854.88,95.45
11345,Côte d'Ivoire,PMO - US,From RDC,N/A - From RDC,Air,8-Sep-09,8-Sep-09,ARV,Adult,SCMS from RDC,SKU0014,"Zidovudine 300mg, tablets, 60 Tabs",Generic,60,8000,60240,7.53,0.13,Hetero Unit III Hyderabad IN,452,Freight Included in Commodity Cost,118.07
11346,Nigeria,PMO - US,From RDC,N/A - From RDC,Air Charter,4-Aug-09,4-Aug-09,ARV,Adult,SCMS from RDC,SKU0053,"Emtricitabine/Tenofovir Disoproxil Fumarate 200/300mg [Truvada], tablets, 30 Tabs",Truvada,30,8462,222127.5,26.25,0.88,"Aspen-OSD, Port Elizabeth, SA",1225,7445.71,435.37
11348,Mozambique,PMO - US,From RDC,N/A - From RDC,Truck,27-Aug-09,17-Sep-09,ARV,Adult,SCMS from RDC,SKU0003,"Lamivudine 150mg, tablets, 60 Tabs",Generic,60,374,912.56,2.44,0.04,"Aurobindo Unit III, India",18,1799.88,1.79
11350,Mozambique,PMO - US,From RDC,N/A - From RDC,Truck,7-Oct-09,7-Oct-09,ARV,Adult,SCMS from RDC,SKU0026,"Efavirenz 600mg, tablets, 30 Tabs",Generic,30,8438,82017.36,9.72,0.32,"Aurobindo Unit III, India",1404,1588.05,160.75
11351,Mozambique,PMO - US,From RDC,N/A - From RDC,Truck,7-Oct-09,7-Oct-09,ARV,Adult,SCMS from RDC,SKU0026,"Efavirenz 600mg, tablets, 30 Tabs",Generic,30,8662,84194.64,9.72,0.32,Mylan (formerly Matrix) Nashik,See DN-1395 (ID#:11350),See DN-1395 (ID#:11350),165.02
11352,Zimbabwe,PMO - US,From RDC,N/A - From RDC,Truck,22-Sep-09,22-Sep-09,ARV,Adult,SCMS from RDC,SKU0026,"Efavirenz 600mg, tablets, 30 Tabs",Generic,30,4000,42480,10.62,0.35,"Aurobindo Unit III, India",9020,14958.2,83.26
11353,Nigeria,PMO - US,From RDC,N/A - From RDC,Air Charter,20-Oct-09,20-Oct-09,ARV,Adult,SCMS from RDC,SKU0054,"Lamivudine/Nevirapine/Zidovudine 150/200/300mg, tablets, 60 Tabs",Generic,60,60930,694602,11.4,0.19,"Aurobindo Unit III, India",6862,9341.49,1361.42
11354,Nigeria,PMO - US,From RDC,N/A - From RDC,Air Charter,20-Oct-09,20-Oct-09,ARV,Adult,SCMS from RDC,SKU0105,"Emtricitabine/Tenofovir Disoproxil Fumarate 200/300mg, tablets, 30 Tabs",Generic,30,25000,293750,11.75,0.39,Mylan (formerly Matrix) Nashik,2023,9341.49,575.75
11356,Zambia,PMO - US,From RDC,N/A - From RDC,Truck,13-Oct-09,13-Oct-09,ARV,Adult,SCMS from RDC,SKU0011,"Lamivudine/Zidovudine 150/300mg, tablets, 60 Tabs",Generic,60,40000,350400,8.76,0.15,"Aurobindo Unit III, India",3626,4997.47,686.78
11357,Haiti,PMO - US,From RDC,N/A - From RDC,Air,21-Oct-09,21-Oct-09,ARV,Adult,SCMS from RDC,SKU0011,"Lamivudine/Zidovudine 150/300mg, tablets, 60 Tabs",Generic,60,59952,525179.52,8.76,0.15,"Aurobindo Unit III, India",6967,75688.58,1029.35
11358,Ghana,PMO - US,From RDC,N/A - From RDC,Truck,30-Sep-09,12-Aug-09,ARV,Pediatric,SCMS from RDC,SKU0042,"Lopinavir/Ritonavir 80/20mg/ml [Kaletra], oral solution, cool, Bottle 5 x 60 ml",Kaletra,300,129,1.29,0.01,0,ABBVIE (Abbott) Logis. UK,Weight Captured Separately,Invoiced Separately,0
11361,Tanzania,PMO - US,From RDC,N/A - From RDC,Truck,14-Jan-10,14-Jan-10,ARV,Adult,SCMS from RDC,SKU0058,"Abacavir 300mg, tablets, 60 Tabs",Generic,60,6376,136573.92,21.42,0.36,"Aurobindo Unit III, India",640,2751,294.45
11367,Rwanda,PMO - US,From RDC,N/A - From RDC,Air,17-Mar-07,17-Mar-07,ARV,Adult,SCMS from RDC,SKU0021,"Tenofovir Disoproxil Fumarate 300mg [Viread], tablets, 30 Tabs",Viread,30,4000,68000,17,0.57,Gilead(Nycomed) Oranienburg DE,256,12205.4,
11368,Côte d'Ivoire,PMO - US,From RDC,N/A - From RDC,,15-Mar-07,15-Mar-07,ARV,Adult,SCMS from RDC,SKU0094,"Indinavir 400mg [Crixivan], capsules, 180 Caps",Crixivan,180,370,18248.4,49.32,0.27,MSD Elkton USA,See DN-30 (ID#:11091),See DN-30 (ID#:11091),
11369,Côte d'Ivoire,PMO - US,From RDC,N/A - From RDC,,15-Mar-07,15-Mar-07,ARV,Adult,SCMS from RDC,SKU0058,"Abacavir 300mg, tablets, 60 Tabs",Generic,60,33,1453.65,44.05,0.73,"Aurobindo Unit III, India",See DN-30 (ID#:11091),See DN-30 (ID#:11091),
11370,Zambia,PMO - US,From RDC,N/A - From RDC,,2-Apr-07,2-Apr-07,HRDT,HIV test,SCMS from RDC,SKU0019,"HIV 1/2, Bioline 3.0 Kit, Lancets, Capillary pipets, Alcohol swabs included, 25 Tests",Bioline,25,561,11220,20,0.8,"Standard Diagnostics, Korea",191,1200.12,
11372,Nigeria,PMO - US,From RDC,N/A - From RDC,,17-Apr-07,17-Apr-07,ARV,Adult,SCMS from RDC,SKU0095,"Lamivudine/Zidovudine+Nevirapine 150/300+200mg, tablets, co-blister, 60+60 Tabs",Generic,120,2703,55411.5,20.5,0.17,"Aspen-OSD, Port Elizabeth, SA",See DN-93 (ID#:10546),See DN-93 (ID#:10546),
11373,Côte d'Ivoire,PMO - US,From RDC,N/A - From RDC,,4-May-07,4-May-07,ARV,Adult,SCMS from RDC,SKU0026,"Efavirenz 600mg, tablets, 30 Tabs",Generic,30,4500,73125,16.25,0.54,"Aurobindo Unit III, India",410,1931,
11374,Côte d'Ivoire,PMO - US,From RDC,N/A - From RDC,,30-Apr-07,30-Apr-07,ARV,Adult,SCMS from RDC,SKU0094,"Indinavir 400mg [Crixivan], capsules, 180 Caps",Crixivan,180,740,36496.8,49.32,0.27,MSD Elkton USA,206,1583,
11376,Tanzania,PMO - US,From RDC,N/A - From RDC,Air,6-Jun-07,6-Jun-07,ARV,Adult,SCMS from RDC,SKU0011,"Lamivudine/Zidovudine 150/300mg, tablets, 60 Tabs",Generic,60,28512,304508.16,10.68,0.18,"Aurobindo Unit III, India",2630,13820.4,
11377,Zimbabwe,PMO - US,From RDC,N/A - From RDC,,18-Apr-07,18-Apr-07,ARV,Adult,SCMS from RDC,SKU0014,"Zidovudine 300mg, tablets, 60 Tabs",Generic,60,421,4113.17,9.77,0.16,"Ranbaxy, Paonta Shahib, India",25,516.84,
11378,Nigeria,PMO - US,From RDC,N/A - From RDC,,23-May-07,23-May-07,ARV,Pediatric,SCMS from RDC,SKU0001,"Nevirapine 10mg/ml, oral suspension, Bottle, 240 ml",Generic,240,1181,4133.5,3.5,0.01,"Aurobindo Unit III, India",See DN-132 (ID#:11105),See DN-132 (ID#:11105),
11829,Haiti,PMO - US,From RDC,N/A - From RDC,Air,10-Dec-07,10-Dec-07,ARV,Adult,SCMS from RDC,SKU0026,"Efavirenz 600mg, tablets, 30 Tabs",Generic,30,35000,434700,12.42,0.41,"Strides, Bangalore, India.",2153,24448,695.52
11379,Zambia,PMO - US,From RDC,N/A - From RDC,Air,21-May-07,21-May-07,HRDT,HIV test,SCMS from RDC,SKU0019,"HIV 1/2, Bioline 3.0 Kit, Lancets, Capillary pipets, Alcohol swabs included, 25 Tests",Bioline,25,452,9040,20,0.8,"Standard Diagnostics, Korea",Weight Captured Separately,1250.72,
11381,Rwanda,PMO - US,From RDC,N/A - From RDC,Air,17-Mar-07,17-Mar-07,ARV,Adult,SCMS from RDC,SKU0021,"Tenofovir Disoproxil Fumarate 300mg [Viread], tablets, 30 Tabs",Viread,30,4000,68000,17,0.57,Gilead(Nycomed) Oranienburg DE,265,11931,
11383,Zambia,PMO - US,From RDC,N/A - From RDC,,20-Apr-07,20-Apr-07,ARV,Adult,SCMS from RDC,SKU0058,"Abacavir 300mg, tablets, 60 Tabs",Generic,60,5000,177500,35.5,0.59,"Aurobindo Unit III, India",239,1684.15,
11384,Rwanda,PMO - US,From RDC,N/A - From RDC,Air,14-May-07,14-May-07,ARV,Adult,SCMS from RDC,SKU0004,"Stavudine 30mg, capsules, 60 Caps",Generic,60,117,188.37,1.61,0.03,"Strides, Bangalore, India.",See DN-100 (ID#:10823),See DN-100 (ID#:10823),
11385,Rwanda,PMO - US,From RDC,N/A - From RDC,Air,14-May-07,14-May-07,ARV,Adult,SCMS from RDC,SKU0072,"Stavudine 40mg, capsules, 60 Caps",Generic,60,306,651.78,2.13,0.04,"Strides, Bangalore, India.",See DN-100 (ID#:10823),See DN-100 (ID#:10823),
11386,Côte d'Ivoire,PMO - US,From RDC,N/A - From RDC,,30-Apr-07,30-Apr-07,ARV,Adult,SCMS from RDC,SKU0044,"Lamivudine/Nevirapine/Stavudine 150/200/30mg, tablets, 60 Tabs",Generic,60,9000,67500,7.5,0.12,"Cipla, Goa, India",974,3166,
11387,Côte d'Ivoire,PMO - US,From RDC,N/A - From RDC,,28-Jun-07,28-Jun-07,ARV,Adult,SCMS from RDC,SKU0041,"Stavudine 15mg, capsules, 60 Caps",Generic,60,401,862.15,2.15,0.04,"Aurobindo Unit III, India",235,1619,1.38
11390,Côte d'Ivoire,PMO - US,From RDC,N/A - From RDC,,25-Jun-07,25-Jun-07,ARV,Adult,SCMS from RDC,SKU0058,"Abacavir 300mg, tablets, 60 Tabs",Generic,60,957,34260.6,35.8,0.6,"Aurobindo Unit III, India",95,1448,54.82
11391,Côte d'Ivoire,PMO - US,From RDC,N/A - From RDC,,5-Jul-07,5-Jul-07,ARV,Pediatric,SCMS from RDC,SKU0005,"Zidovudine 10mg/ml, oral solution, Bottle, 240 ml",Generic,240,4316,17048.2,3.95,0.02,"Aurobindo Unit III, India",6634,15561,27.28
11393,Zambia,PMO - US,From RDC,N/A - From RDC,,14-Jun-07,14-Jun-07,ARV,Adult,SCMS from RDC,SKU0026,"Efavirenz 600mg, tablets, 30 Tabs",Generic,30,25874,420711.24,16.26,0.54,"Aurobindo Unit III, India",See DN-182 (ID#:10562),See DN-182 (ID#:10562),
11394,Zambia,PMO - US,From RDC,N/A - From RDC,,12-Jun-07,12-Jun-07,ARV,Pediatric,SCMS from RDC,SKU0062,"Efavirenz 50mg [Stocrin/Sustiva], capsule, 30 Caps",Stocrin/Sustiva,30,570,1977.9,3.47,0.12,"MSD Manati, Puerto Rico, (USA)",26,505.17,
11395,Zambia,PMO - US,From RDC,N/A - From RDC,,20-Jun-07,20-Jun-07,ARV,Adult,SCMS from RDC,SKU0008,"Lopinavir/Ritonavir 200/50mg [Aluvia], tablets, 120 Tabs",Aluvia,120,2820,115902,41.1,0.34,ABBVIE Ludwigshafen Germany,614,2880.35,185.44
11397,Côte d'Ivoire,PMO - US,From RDC,N/A - From RDC,,15-Jun-07,15-Jun-07,ARV,Adult,SCMS from RDC,SKU0044,"Lamivudine/Nevirapine/Stavudine 150/200/30mg, tablets, 60 Tabs",Generic,60,8347,62602.5,7.5,0.12,"Cipla, Goa, India",1313,3908,
11398,Côte d'Ivoire,PMO - US,From RDC,N/A - From RDC,,15-Jun-07,15-Jun-07,ARV,Adult,SCMS from RDC,SKU0027,"Saquinavir 200mg [Invirase], capsules, 270 Caps",Invirase,270,638,50172.32,78.64,0.29,Roche Basel,See DN-160 (ID#:11397),See DN-160 (ID#:11397),
11401,Rwanda,PMO - US,From RDC,N/A - From RDC,Air,22-May-07,22-May-07,HRDT,HIV test,SCMS from RDC,SKU0013,"HIV 1/2/O, First Response HIV 1-2.0, v.3.0 Cards Kit, 30 Tests",First Response,30,2000,42000,21,0.7,Premier Med. Corp Ltd. India,Weight Captured Separately,2805.51,
11402,Rwanda,PMO - US,From RDC,N/A - From RDC,Air,22-May-07,22-May-07,HRDT,HIV test,SCMS from RDC,SKU0024,"HIV 1/2, Capillus HIV Kit, 100 Tests",Capillus,100,60,8340,139,1.39,"Trinity Biotech, Plc",See DN-150 (ID#:11401),See DN-150 (ID#:11401),
11403,Ethiopia,PMO - US,From RDC,N/A - From RDC,,24-May-07,24-May-07,HRDT,HIV test,SCMS from RDC,SKU0024,"HIV 1/2, Capillus HIV Kit, 100 Tests",Capillus,100,200,27800,139,1.39,"Trinity Biotech, Plc",213,2129.46,
11404,Zambia,PMO - US,From RDC,N/A - From RDC,,5-Jun-07,5-Jun-07,ARV,Adult,SCMS from RDC,SKU0007,"Nevirapine 200mg, tablets, 60 Tabs",Generic,60,33333,122332.11,3.67,0.06,"Aurobindo Unit III, India",3118,Freight Included in Commodity Cost,
11407,Côte d'Ivoire,PMO - US,From RDC,N/A - From RDC,,20-Jul-07,20-Jul-07,ARV,Adult,SCMS from RDC,SKU0008,"Lopinavir/Ritonavir 200/50mg [Aluvia], tablets, 120 Tabs",Aluvia,120,1110,45621,41.1,0.34,ABBVIE Ludwigshafen Germany,222,1603,72.99
11408,Rwanda,PMO - US,From RDC,N/A - From RDC,Air,6-Aug-07,6-Aug-07,HRDT,HIV test,SCMS from RDC,SKU0002,"HIV 1/2, Determine Complete HIV Kit, 100 Tests",Determine,100,850,68000,80,0.8,ABBVIE GmbH & Co.KG Wiesbaden,195,4613.67,108.8
11409,Mozambique,PMO - US,From RDC,N/A - From RDC,Air,21-Sep-07,21-Sep-07,ARV,Pediatric,SCMS from RDC,SKU0049,"Efavirenz 50mg, capsule, 30 Caps",Generic,30,570,1949.4,3.42,0.11,"Aurobindo Unit III, India",35,364.51,3.12
11411,Côte d'Ivoire,PMO - US,From RDC,N/A - From RDC,,31-Jul-07,31-Jul-07,HRDT,HIV test,SCMS from RDC,SKU0002,"HIV 1/2, Determine Complete HIV Kit, 100 Tests",Determine,100,79,6320,80,0.8,ABBVIE GmbH & Co.KG Wiesbaden,27,286.76,10.11
11412,Mozambique,PMO - US,From RDC,N/A - From RDC,Air,10-Oct-07,10-Oct-07,ARV,Adult,SCMS from RDC,SKU0052,"Ritonavir 100mg [Norvir], capsules, cool, 4 x 84 Caps",Norvir,336,140,5370.4,38.36,0.11,ABBVIE (Abbott) Logis. UK,See DN-282 (ID#:11144),See DN-282 (ID#:11144),8.59
11417,Tanzania,PMO - US,From RDC,N/A - From RDC,,18-Jul-07,18-Jul-07,HRDT,HIV test,SCMS from RDC,SKU0019,"HIV 1/2, Bioline 3.0 Kit, Lancets, Capillary pipets, Alcohol swabs included, 25 Tests",Bioline,25,6452,129040,20,0.8,"Standard Diagnostics, Korea",2334,9343.18,206.46
11418,Mozambique,PMO - US,From RDC,N/A - From RDC,Air,18-Jul-07,18-Jul-07,ARV,Adult,SCMS from RDC,SKU0008,"Lopinavir/Ritonavir 200/50mg [Aluvia], tablets, 120 Tabs",Aluvia,120,4000,164400,41.1,0.34,ABBVIE Ludwigshafen Germany,870,1149.57,263.04
11419,Côte d'Ivoire,PMO - US,From RDC,N/A - From RDC,,18-Jul-07,18-Jul-07,ARV,Adult,SCMS from RDC,SKU0044,"Lamivudine/Nevirapine/Stavudine 150/200/30mg, tablets, 60 Tabs",Generic,60,209,1567.5,7.5,0.12,"Cipla, Goa, India",See DN-220 (ID#:10585),See DN-220 (ID#:10585),2.51
11420,Côte d'Ivoire,PMO - US,From RDC,N/A - From RDC,,16-Jul-07,16-Jul-07,ARV,Adult,SCMS from RDC,SKU0027,"Saquinavir 200mg [Invirase], capsules, 270 Caps",Invirase,270,575,45218,78.64,0.29,Roche Basel,See DN-240 (ID#:10847),See DN-240 (ID#:10847),72.35
11424,Zimbabwe,PMO - US,From RDC,N/A - From RDC,,30-Jul-07,30-Jul-07,ARV,Adult,SCMS from RDC,SKU0026,"Efavirenz 600mg, tablets, 30 Tabs",Generic,30,3200,52032,16.26,0.54,"Aurobindo Unit III, India",280,1300.45,83.25
11425,Mozambique,PMO - US,From RDC,N/A - From RDC,Air,15-Aug-07,15-Aug-07,ARV,Pediatric,SCMS from RDC,SKU0066,"Efavirenz 200mg, capsule, 90 Caps",Generic,90,422,7152.9,16.95,0.19,"Aurobindo Unit III, India",514,740.43,11.44
11426,Côte d'Ivoire,PMO - US,From RDC,N/A - From RDC,,3-Aug-07,3-Aug-07,ARV,Adult,SCMS from RDC,SKU0078,"Abacavir/Lamivudine/Zidovudine 300/150/300mg [Trizivir], tablets, 60 Tabs",Trizivir,60,400,28000,70,1.17,GSK Ware (UK),2270,6889,44.8
11430,Uganda,PMO - US,From RDC,N/A - From RDC,Air,27-Aug-07,27-Aug-07,ARV,Adult,SCMS from RDC,SKU0004,"Stavudine 30mg, capsules, 60 Caps",Generic,60,1000,1520,1.52,0.03,"Strides, Bangalore, India.",See DN-298 (ID#:10863),See DN-298 (ID#:10863),2.43
11431,Côte d'Ivoire,PMO - US,From RDC,N/A - From RDC,,17-Aug-07,17-Aug-07,ARV,Adult,SCMS from RDC,SKU0052,"Ritonavir 100mg [Norvir], capsules, cool, 4 x 84 Caps",Norvir,336,1025,39319,38.36,0.11,ABBVIE (Abbott) France,1436,5911.5,62.91
11432,Mozambique,PMO - US,From RDC,N/A - From RDC,Air,4-Sep-07,4-Sep-07,ARV,Adult,SCMS from RDC,SKU0011,"Lamivudine/Zidovudine 150/300mg, tablets, 60 Tabs",Generic,60,10800,102600,9.5,0.16,"Aurobindo Unit III, India",1020,1998.5,164.16
11433,Mozambique,PMO - US,From RDC,N/A - From RDC,Air,4-Sep-07,4-Sep-07,ARV,Adult,SCMS from RDC,SKU0004,"Stavudine 30mg, capsules, 60 Caps",Generic,60,630,957.6,1.52,0.03,"Aurobindo Unit III, India",36,1998.5,1.53
11434,Zambia,PMO - US,From RDC,N/A - From RDC,Air,21-Aug-07,21-Aug-07,ARV,Pediatric,SCMS from RDC,SKU0001,"Nevirapine 10mg/ml, oral suspension, Bottle, 240 ml",Generic,240,10624,65868.8,6.2,0.03,"Aurobindo Unit III, India",3785,13116,105.39
11435,Côte d'Ivoire,PMO - US,From RDC,N/A - From RDC,,30-Aug-07,30-Aug-07,ARV,Adult,SCMS from RDC,SKU0094,"Indinavir 400mg [Crixivan], capsules, 180 Caps",Crixivan,180,7839,391950,50,0.28,MSD Elkton USA,See DN-320 (ID#:10593),See DN-320 (ID#:10593),627.12
11436,Côte d'Ivoire,PMO - US,From RDC,N/A - From RDC,,30-Aug-07,30-Aug-07,ARV,Adult,SCMS from RDC,SKU0008,"Lopinavir/Ritonavir 200/50mg [Aluvia], tablets, 120 Tabs",Aluvia,120,726,29838.6,41.1,0.34,ABBVIE Ludwigshafen Germany,See DN-320 (ID#:10593),See DN-320 (ID#:10593),47.74
11450,Zambia,PMO - US,From RDC,N/A - From RDC,,14-Sep-07,14-Sep-07,ARV,Pediatric,SCMS from RDC,SKU0042,"Lopinavir/Ritonavir 80/20mg/ml [Kaletra], oral solution, cool, Bottle 5 x 60 ml",Kaletra,300,665,27331.5,41.1,0.14,ABBVIE (Abbott) Logis. UK,603,2839.2,43.73
11452,Mozambique,PMO - US,From RDC,N/A - From RDC,Air,5-Oct-07,5-Oct-07,ARV,Adult,SCMS from RDC,SKU0098,"Lamivudine/Stavudine 150/30mg, tablets, 30 Tabs",Generic,30,70000,140000,2,0.07,"Cipla, Goa, India",See DN-344 (ID#:11173),See DN-344 (ID#:11173),224
11454,Ethiopia,PMO - US,From RDC,N/A - From RDC,,4-Sep-07,4-Sep-07,ARV,Adult,SCMS from RDC,SKU0003,"Lamivudine 150mg, tablets, 60 Tabs",Generic,60,15960,48518.4,3.04,0.05,"Aurobindo Unit III, India",See DN-332 (ID#:10613),See DN-332 (ID#:10613),77.63
11456,Zambia,PMO - US,From RDC,N/A - From RDC,,14-Sep-07,14-Sep-07,ARV,Pediatric,SCMS from RDC,SKU0076,"Stavudine 1mg/ml, powder for oral solution, 200 ml",Generic,200,9050,13122.5,1.45,0.01,"Aurobindo Unit III, India",1084,5181,21
11458,Zambia,PMO - US,From RDC,N/A - From RDC,,26-Nov-07,26-Nov-07,ARV,Adult,SCMS from RDC,SKU0026,"Efavirenz 600mg, tablets, 30 Tabs",Generic,30,44135,548156.7,12.42,0.41,"Aurobindo Unit III, India",4082,13484.72,877.05
11462,Nigeria,PMO - US,From RDC,N/A - From RDC,Air,20-Sep-07,20-Sep-07,ARV,Adult,SCMS from RDC,SKU0011,"Lamivudine/Zidovudine 150/300mg, tablets, 60 Tabs",Generic,60,229,2445.72,10.68,0.18,"Aurobindo Unit III, India",See DN-373 (ID#:10623),See DN-373 (ID#:10623),3.91
11464,Mozambique,PMO - US,From RDC,N/A - From RDC,Air,31-Oct-07,31-Oct-07,HRDT,HIV test,SCMS from RDC,SKU0002,"HIV 1/2, Determine Complete HIV Kit, 100 Tests",Determine,100,4000,288000,72,0.72,ABBVIE GmbH & Co.KG Wiesbaden,2526,1871.05,460.8
11472,Zambia,PMO - US,From RDC,N/A - From RDC,,21-Sep-07,21-Sep-07,ARV,Pediatric,SCMS from RDC,SKU0076,"Stavudine 1mg/ml, powder for oral solution, 200 ml",Generic,200,2950,4277.5,1.45,0.01,"Aurobindo Unit III, India",267,3094,6.84
11473,Côte d'Ivoire,PMO - US,From RDC,N/A - From RDC,Air,22-Oct-07,22-Oct-07,HRDT,HIV test - Ancillary,SCMS from RDC,SKU0022,"HIV, Lancet, Safety, for HIV Test kits, 100 Pcs",Generic,100,595,5.95,0.01,0,Inverness Japan,See DN-385 (ID#:11186),See DN-385 (ID#:11186),0.01
11474,Zimbabwe,PMO - US,From RDC,N/A - From RDC,Air,25-Nov-07,25-Nov-07,ARV,Adult,SCMS from RDC,SKU0026,"Efavirenz 600mg, tablets, 30 Tabs",Generic,30,1860,23101.2,12.42,0.41,"Cipla, Goa, India",4256,5145.86,36.96
11475,Zimbabwe,PMO - US,From RDC,N/A - From RDC,Air,25-Nov-07,25-Nov-07,ARV,Adult,SCMS from RDC,SKU0044,"Lamivudine/Nevirapine/Stavudine 150/200/30mg, tablets, 60 Tabs",Generic,60,15000,111000,7.4,0.12,"Cipla, Goa, India",See DN-401 (ID#:11474),See DN-401 (ID#:11474),177.6
11476,Nigeria,PMO - US,From RDC,N/A - From RDC,Air,1-Nov-07,1-Nov-07,ARV,Adult,SCMS from RDC,SKU0011,"Lamivudine/Zidovudine 150/300mg, tablets, 60 Tabs",Generic,60,1200,23400,19.5,0.32,"Aurobindo Unit III, India",See DN-411 (ID#:10631),See DN-411 (ID#:10631),37.44
11477,Mozambique,PMO - US,From RDC,N/A - From RDC,Air,29-Nov-07,29-Nov-07,ARV,Adult,SCMS from RDC,SKU0078,"Abacavir/Lamivudine/Zidovudine 300/150/300mg [Trizivir], tablets, 60 Tabs",Trizivir,60,900,63000,70,1.17,GSK Ware (UK),See DN-426 (ID#:10633),See DN-426 (ID#:10633),100.8
11478,Mozambique,PMO - US,From RDC,N/A - From RDC,Air,12-Nov-07,12-Nov-07,HRDT,HIV test,SCMS from RDC,SKU0009,"HIV 1/2, Uni-Gold HIV Kit, 20 Tests",Uni-Gold,20,4500,144000,32,1.6,"Trinity Biotech, Plc",1482,1566.19,230.4
11479,Zambia,PMO - US,From RDC,N/A - From RDC,Air,26-Feb-08,26-Feb-08,ARV,Adult,SCMS from RDC,SKU0011,"Lamivudine/Zidovudine 150/300mg, tablets, 60 Tabs",Generic,60,27681,262969.5,9.5,0.16,"Aurobindo Unit III, India",2581,19832.46,420.75
11480,Côte d'Ivoire,PMO - US,From RDC,N/A - From RDC,Air,19-Feb-08,19-Feb-08,ARV,Adult,SCMS from RDC,SKU0026,"Efavirenz 600mg, tablets, 30 Tabs",Generic,30,24561,294977.61,12.01,0.4,"Aurobindo Unit III, India",7191,12349.51,471.96
11481,Côte d'Ivoire,PMO - US,From RDC,N/A - From RDC,Air,19-Feb-08,19-Feb-08,ARV,Adult,SCMS from RDC,SKU0026,"Efavirenz 600mg, tablets, 30 Tabs",Generic,30,37039,444838.39,12.01,0.4,"Strides, Bangalore, India.",See DN-609 (ID#:11480),See DN-609 (ID#:11480),711.74
11483,Côte d'Ivoire,PMO - US,From RDC,N/A - From RDC,Air,22-Nov-07,22-Nov-07,ARV,Pediatric,SCMS from RDC,SKU0102,"Efavirenz 30mg/ml [Stocrin/Sustiva], oral solution, Bottle, 180 ml",Stocrin/Sustiva,180,3027,28756.5,9.5,0.05,"MSD, Haarlem, NL",9248,25563,46.01
11484,Côte d'Ivoire,PMO - US,From RDC,N/A - From RDC,Air,22-Nov-07,22-Nov-07,ARV,Adult,SCMS from RDC,SKU0078,"Abacavir/Lamivudine/Zidovudine 300/150/300mg [Trizivir], tablets, 60 Tabs",Trizivir,60,1873,83348.5,44.5,0.74,GSK Ware (UK),See DN-434 (ID#:11483),See DN-434 (ID#:11483),133.36
11485,Zambia,PMO - US,From RDC,N/A - From RDC,,26-Nov-07,26-Nov-07,ARV,Adult,SCMS from RDC,SKU0053,"Emtricitabine/Tenofovir Disoproxil Fumarate 200/300mg [Truvada], tablets, 30 Tabs",Truvada,30,17994,472342.5,26.25,0.88,"Aspen-OSD, Port Elizabeth, SA",1620,6785.1,755.75
11490,Côte d'Ivoire,PMO - US,From RDC,N/A - From RDC,Air,29-Nov-07,29-Nov-07,ARV,Adult,SCMS from RDC,SKU0003,"Lamivudine 150mg, tablets, 60 Tabs",Generic,60,70000,212800,3.04,0.05,"Aurobindo Unit III, India",3681,10666,340.48
11491,Côte d'Ivoire,PMO - US,From RDC,N/A - From RDC,Air,14-Dec-07,14-Dec-07,ARV,Adult,SCMS from RDC,SKU0007,"Nevirapine 200mg, tablets, 60 Tabs",Generic,60,13141,44679.4,3.4,0.06,"Aurobindo Unit III, India",1271,10722.75,71.49
11492,Haiti,PMO - US,From RDC,N/A - From RDC,Air,31-Dec-07,31-Dec-07,HRDT,HIV test,SCMS from RDC,SKU0017,"HIV 1/2, Determine HIV Kit, without Lancets, 100 Tests",Determine,100,25,1800,72,0.72,Inverness Japan,See DN-444 (ID#:10639),See DN-444 (ID#:10639),2.88
11493,Côte d'Ivoire,PMO - US,From RDC,N/A - From RDC,Air,17-Jan-08,17-Jan-08,ARV,Adult,SCMS from RDC,SKU0008,"Lopinavir/Ritonavir 200/50mg [Aluvia], tablets, 120 Tabs",Aluvia,120,4,164.4,41.1,0.34,ABBVIE (Abbott) Logis. UK,See DN-451 (ID#:11205),See DN-451 (ID#:11205),0.26
11494,Nigeria,PMO - US,From RDC,N/A - From RDC,Air,3-Dec-07,3-Dec-07,ARV,Adult,SCMS from RDC,SKU0007,"Nevirapine 200mg, tablets, 60 Tabs",Generic,60,628,2241.96,3.57,0.06,"Aurobindo Unit III, India",See DN-475 (ID#:10642),See DN-475 (ID#:10642),3.59
11495,Nigeria,PMO - US,From RDC,N/A - From RDC,Air,3-Dec-07,3-Dec-07,ARV,Pediatric,SCMS from RDC,SKU0005,"Zidovudine 10mg/ml, oral solution, Bottle, 240 ml",Generic,240,1752,6920.4,3.95,0.02,"Aurobindo Unit III, India",See DN-475 (ID#:10642),See DN-475 (ID#:10642),11.07
11496,Zambia,PMO - US,From RDC,N/A - From RDC,,22-Feb-08,22-Feb-08,ARV,Pediatric,SCMS from RDC,SKU0071,"Abacavir 20mg/ml, oral solution, Bottle, 240 ml",Generic,240,2091,34501.5,16.5,0.07,"Aurobindo Unit III, India",9386,33363.16,55.2
11497,Zambia,PMO - US,From RDC,N/A - From RDC,,8-Jan-08,8-Jan-08,ARV,Adult,SCMS from RDC,SKU0026,"Efavirenz 600mg, tablets, 30 Tabs",Generic,30,44135,548156.7,12.42,0.41,Mylan (formerly Matrix) Nashik,3454,12492,877.05
11500,Namibia,PMO - US,From RDC,N/A - From RDC,Air,30-Nov-07,30-Nov-07,HRDT,HIV test,SCMS from RDC,SKU0055,"HIV 1/2, Clearview Complete Kit, 25 Tests",Clearview,25,100,7500,75,3,Inverness USA,61,870.4,12
11501,Namibia,PMO - US,From RDC,N/A - From RDC,Air,6-Dec-07,6-Dec-07,HRDT,HIV test,SCMS from RDC,SKU0055,"HIV 1/2, Clearview Complete Kit, 25 Tests",Clearview,25,70,5250,75,3,Inverness USA,43,1542.15,8.4
11507,Nigeria,PMO - US,From RDC,N/A - From RDC,Air,9-Jan-08,9-Jan-08,ARV,Adult,SCMS from RDC,SKU0003,"Lamivudine 150mg, tablets, 60 Tabs",Generic,60,451,1371.04,3.04,0.05,"Aurobindo Unit III, India",See DN-535 (ID#:10658),See DN-535 (ID#:10658),2.19
11508,Côte d'Ivoire,PMO - US,From RDC,N/A - From RDC,Air,28-Dec-07,28-Dec-07,ARV,Pediatric,SCMS from RDC,SKU0001,"Nevirapine 10mg/ml, oral suspension, Bottle, 240 ml",Generic,240,475,912,1.92,0.01,"Aurobindo Unit III, India",170,1301,1.46
11510,Zambia,PMO - US,From RDC,N/A - From RDC,Air,24-Dec-07,24-Dec-07,ARV,Adult,SCMS from RDC,SKU0053,"Emtricitabine/Tenofovir Disoproxil Fumarate 200/300mg [Truvada], tablets, 30 Tabs",Truvada,30,17706,464782.5,26.25,0.88,"Aspen-OSD, Port Elizabeth, SA",1594,6035.4,743.65
11511,Zimbabwe,PMO - US,From RDC,N/A - From RDC,Air,11-Jan-08,11-Jan-08,HRDT,HIV test,SCMS from RDC,SKU0019,"HIV 1/2, Bioline 3.0 Kit, Lancets, Capillary pipets, Alcohol swabs included, 25 Tests",Bioline,25,3508,70160,20,0.8,"Standard Diagnostics, Korea",1052,4641.85,112.26
11512,Côte d'Ivoire,PMO - US,From RDC,N/A - From RDC,Air,17-Jan-08,17-Jan-08,ARV,Adult,SCMS from RDC,SKU0027,"Saquinavir 200mg [Invirase], capsules, 270 Caps",Invirase,270,332,26108.48,78.64,0.29,Roche Basel,See DN-421 (ID#:10919),See DN-421 (ID#:10919),41.77
11515,Zimbabwe,PMO - US,From RDC,N/A - From RDC,Air,5-Mar-08,5-Mar-08,ARV,Adult,SCMS from RDC,SKU0098,"Lamivudine/Stavudine 150/30mg, tablets, 30 Tabs",Generic,30,1600,3200,2,0.07,"Cipla, Goa, India",See DN-623 (ID#:10925),See DN-623 (ID#:10925),5.12
11516,Uganda,PMO - US,From RDC,N/A - From RDC,Air,15-Jan-08,15-Jan-08,ARV,Adult,SCMS from RDC,SKU0011,"Lamivudine/Zidovudine 150/300mg, tablets, 60 Tabs",Generic,60,2084,19798,9.5,0.16,"Aurobindo Unit III, India",237,1154.5,31.68
11517,Rwanda,PMO - US,From RDC,N/A - From RDC,Air,29-Feb-08,29-Feb-08,ARV,Adult,SCMS from RDC,SKU0008,"Lopinavir/Ritonavir 200/50mg [Aluvia], tablets, 120 Tabs",Aluvia,120,600,24660,41.1,0.34,ABBVIE (Abbott) Logis. UK,859,5531.4,39.46
11518,Zambia,PMO - US,From RDC,N/A - From RDC,,15-Jan-08,15-Jan-08,HRDT,HIV test - Ancillary,SCMS from RDC,SKU0022,"HIV, Lancet, Safety, for HIV Test kits, 100 Pcs",Generic,100,2100,21,0.01,0,Inverness Japan,See DN-481 (ID#:10656),See DN-481 (ID#:10656),0.03
11520,Ethiopia,PMO - US,From RDC,N/A - From RDC,Air,14-Dec-07,14-Dec-07,ARV,Adult,SCMS from RDC,SKU0021,"Tenofovir Disoproxil Fumarate 300mg [Viread], tablets, 30 Tabs",Viread,30,535,9095,17,0.57,Gilead(Nycomed) Oranienburg DE,33,755.5,14.55
11521,Zimbabwe,PMO - US,From RDC,N/A - From RDC,Air,5-Feb-08,5-Feb-08,ARV,Adult,SCMS from RDC,SKU0044,"Lamivudine/Nevirapine/Stavudine 150/200/30mg, tablets, 60 Tabs",Generic,60,37240,275576,7.4,0.12,"Cipla, Goa, India",See DN-479 (ID#:10647),See DN-479 (ID#:10647),440.92
11522,Ethiopia,PMO - US,From RDC,N/A - From RDC,Air,7-Feb-08,7-Feb-08,ARV,Adult,SCMS from RDC,SKU0021,"Tenofovir Disoproxil Fumarate 300mg [Viread], tablets, 30 Tabs",Viread,30,4394,74698,17,0.57,"Aspen-OSD, Port Elizabeth, SA",317,1628.18,119.52
11523,Nigeria,PMO - US,From RDC,N/A - From RDC,Air,16-Jan-08,16-Jan-08,ARV,Pediatric,SCMS from RDC,SKU0001,"Nevirapine 10mg/ml, oral suspension, Bottle, 240 ml",Generic,240,792,4910.4,6.2,0.03,"Aurobindo Unit III, India",272,2047,7.86
11524,Ethiopia,PMO - US,From RDC,N/A - From RDC,Air,20-Dec-07,16-Jan-08,ARV,Adult,SCMS from RDC,SKU0003,"Lamivudine 150mg, tablets, 60 Tabs",Generic,60,29500,89680,3.04,0.05,"Ranbaxy, Paonta Shahib, India",1650,11339.5,143.49
11525,Tanzania,PMO - US,From RDC,N/A - From RDC,Air,25-Feb-08,25-Feb-08,ARV,Adult,SCMS from RDC,SKU0026,"Efavirenz 600mg, tablets, 30 Tabs",Generic,30,20000,248400,12.42,0.41,"Aurobindo Unit III, India",See DN-559 (ID#:10940),See DN-559 (ID#:10940),397.44
11526,Côte d'Ivoire,PMO - US,From RDC,N/A - From RDC,Air,5-Feb-08,5-Feb-08,ARV,Adult,SCMS from RDC,SKU0094,"Indinavir 400mg [Crixivan], capsules, 180 Caps",Crixivan,180,1550,77500,50,0.28,"MSD, Haarlem, NL",345,1888.48,124
11527,Zimbabwe,PMO - US,From RDC,N/A - From RDC,Air,5-Mar-08,5-Mar-08,ARV,Adult,SCMS from RDC,SKU0044,"Lamivudine/Nevirapine/Stavudine 150/200/30mg, tablets, 60 Tabs",Generic,60,2508,18559.2,7.4,0.12,"Cipla, Goa, India",4303,12894.85,29.69
11529,Haiti,PMO - US,From RDC,N/A - From RDC,Air,3-Apr-08,3-Apr-08,ARV,Adult,SCMS from RDC,SKU0026,"Efavirenz 600mg, tablets, 30 Tabs",Generic,30,18760,225307.6,12.01,0.4,Mylan (formerly Matrix) Nashik,See DN-692 (ID#:11233),See DN-692 (ID#:11233),360.49
11530,Haiti,PMO - US,From RDC,N/A - From RDC,Air,13-Jun-08,13-Jun-08,ARV,Adult,SCMS from RDC,SKU0007,"Nevirapine 200mg, tablets, 60 Tabs",Generic,60,17843,60666.2,3.4,0.06,"Aurobindo Unit III, India",1667,19069.17,97.07
11531,Zambia,PMO - US,From RDC,N/A - From RDC,Truck,23-Jul-08,23-Jul-08,ARV,Adult,SCMS from RDC,SKU0026,"Efavirenz 600mg, tablets, 30 Tabs",Generic,30,45000,540450,12.01,0.4,Mylan (formerly Matrix) Nashik,3457,1934.31,864.72
11532,Pakistan,PMO - US,From RDC,N/A - From RDC,Air,19-May-08,19-May-08,HRDT,HIV test - Ancillary,SCMS from RDC,SKU0022,"HIV, Lancet, Safety, for HIV Test kits, 100 Pcs",Generic,100,20,0.2,0.01,0,Inverness Japan,See DN-732 (ID#:10675),See DN-732 (ID#:10675),0
11533,Nigeria,PMO - US,From RDC,N/A - From RDC,Air,14-May-08,14-May-08,ARV,Adult,SCMS from RDC,SKU0054,"Lamivudine/Nevirapine/Zidovudine 150/200/300mg, tablets, 60 Tabs",Generic,60,164,2177.92,13.28,0.22,"Aurobindo Unit III, India",2095,10098.25,3.48
11535,Tanzania,PMO - US,From RDC,N/A - From RDC,,28-Mar-08,28-Mar-08,ARV,Adult,SCMS from RDC,SKU0026,"Efavirenz 600mg, tablets, 30 Tabs",Generic,30,49997,620962.74,12.42,0.41,"Aurobindo Unit III, India",4345,14637,993.54
11536,Nigeria,PMO - US,From RDC,N/A - From RDC,Air,19-Jun-08,19-Jun-08,ARV,Adult,SCMS from RDC,SKU0004,"Stavudine 30mg, capsules, 60 Caps",Generic,60,154,238.7,1.55,0.03,"Aurobindo Unit III, India",See DN-800 (ID#:10953),See DN-800 (ID#:10953),0.38
11537,Haiti,PMO - US,From RDC,N/A - From RDC,Air,2-Jun-08,2-Jun-08,ARV,Pediatric,SCMS from RDC,SKU0092,"Didanosine 200mg, chewable/dispersible tablets, 60 Tabs",Generic,60,98,1519,15.5,0.26,"Aurobindo Unit III, India",77,991.49,2.43
11538,Tanzania,PMO - US,From RDC,N/A - From RDC,,22-Apr-08,23-Apr-08,ARV,Adult,SCMS from RDC,SKU0058,"Abacavir 300mg, tablets, 60 Tabs",Generic,60,5730,157746.9,27.53,0.46,"Aurobindo Unit III, India",See DN-663 (ID#:10960),See DN-663 (ID#:10960),252.4
11539,Nigeria,PMO - US,From RDC,N/A - From RDC,Air,31-Jul-08,31-Jul-08,ARV,Adult,SCMS from RDC,SKU0007,"Nevirapine 200mg, tablets, 60 Tabs",Generic,60,6002,20406.8,3.4,0.06,"Aurobindo Unit III, India",See DN-836 (ID#:11244),See DN-836 (ID#:11244),32.65
11541,Uganda,PMO - US,From RDC,N/A - From RDC,Air,19-Mar-08,19-Mar-08,ARV,Adult,SCMS from RDC,SKU0098,"Lamivudine/Stavudine 150/30mg, tablets, 30 Tabs",Generic,30,300,600,2,0.07,"Cipla, Goa, India",See DN-480 (ID#:10693),See DN-480 (ID#:10693),0.96
11542,Haiti,PMO - US,From RDC,N/A - From RDC,Air,1-Jul-08,1-Jul-08,ARV,Pediatric,SCMS from RDC,SKU0066,"Efavirenz 200mg, capsule, 90 Caps",Generic,90,105,1680,16,0.18,"Aurobindo Unit III, India",14,1015.24,2.69
11543,Nigeria,PMO - US,From RDC,N/A - From RDC,Air,21-Apr-08,21-Apr-08,ARV,Adult,SCMS from RDC,SKU0011,"Lamivudine/Zidovudine 150/300mg, tablets, 60 Tabs",Generic,60,1300,12285,9.45,0.16,"Aurobindo Unit III, India",See DN-718 (ID#:10968),See DN-718 (ID#:10968),19.66
11545,Tanzania,PMO - US,From RDC,N/A - From RDC,Air,1-Apr-08,1-Apr-08,ARV,Pediatric,SCMS from RDC,SKU0082,"Didanosine 100mg, chewable/dispersible tablets, 60 Tabs",Generic,60,9367,72594.25,7.75,0.13,"Aurobindo Unit III, India",1955,6923.3,116.15
11547,Côte d'Ivoire,PMO - US,From RDC,N/A - From RDC,Air,13-Mar-08,13-Mar-08,HRDT,HIV test - Ancillary,SCMS from RDC,SKU0022,"HIV, Lancet, Safety, for HIV Test kits, 100 Pcs",Generic,100,250,2.5,0.01,0,Inverness Japan,61,1225.42,0
11548,Namibia,PMO - US,From RDC,N/A - From RDC,Air,14-Mar-08,14-Mar-08,ARV,Adult,SCMS from RDC,SKU0026,"Efavirenz 600mg, tablets, 30 Tabs",Generic,30,21000,252210,12.01,0.4,"Aurobindo Unit III, India",1815,6074.62,403.54
11550,Uganda,PMO - US,From RDC,N/A - From RDC,,7-Apr-08,7-Apr-08,ARV,Adult,SCMS from RDC,SKU0054,"Lamivudine/Nevirapine/Zidovudine 150/200/300mg, tablets, 60 Tabs",Generic,60,1450,19575,13.5,0.22,"Cipla, Goa, India",167,1472.77,31.32
11551,Haiti,PMO - US,From RDC,N/A - From RDC,Air,11-Apr-08,11-Apr-08,ARV,Pediatric,SCMS from RDC,SKU0102,"Efavirenz 30mg/ml [Stocrin/Sustiva], oral solution, Bottle, 180 ml",Stocrin/Sustiva,180,34,576.64,16.96,0.09,"MSD, Haarlem, NL",14,896.55,0.92
11552,Ethiopia,PMO - US,From RDC,N/A - From RDC,Air,6-Mar-08,6-Mar-08,ARV,Adult,SCMS from RDC,SKU0003,"Lamivudine 150mg, tablets, 60 Tabs",Generic,60,65500,199120,3.04,0.05,"Ranbaxy, Paonta Shahib, India",3858,12047.8,318.59
11553,Haiti,PMO - US,From RDC,N/A - From RDC,Air,14-Apr-08,14-Apr-08,ARV,Adult,SCMS from RDC,SKU0011,"Lamivudine/Zidovudine 150/300mg, tablets, 60 Tabs",Generic,60,24345,230060.25,9.45,0.16,"Aurobindo Unit III, India",See DN-690 (ID#:10706),See DN-690 (ID#:10706),368.1
11554,Mozambique,PMO - US,From RDC,N/A - From RDC,Air,22-May-08,22-May-08,ARV,Adult,SCMS from RDC,SKU0044,"Lamivudine/Nevirapine/Stavudine 150/200/30mg, tablets, 60 Tabs",Generic,60,39000,288600,7.4,0.12,"Cipla, Goa, India",7719,6260.71,461.76
11555,Zimbabwe,PMO - US,From RDC,N/A - From RDC,Truck,26-Jul-08,26-Jul-08,ARV,Adult,SCMS from RDC,SKU0026,"Efavirenz 600mg, tablets, 30 Tabs",Generic,30,4000,48040,12.01,0.4,"Aurobindo Unit III, India",See DN-813 (ID#:10979),See DN-813 (ID#:10979),76.86
11556,Zambia,PMO - US,From RDC,N/A - From RDC,Truck,23-Jul-08,23-Jul-08,ARV,Adult,SCMS from RDC,SKU0044,"Lamivudine/Nevirapine/Stavudine 150/200/30mg, tablets, 60 Tabs",Generic,60,60000,432000,7.2,0.12,"Strides, Bangalore, India.",See DN-823 (ID#:11271),See DN-823 (ID#:11271),691.2
11557,Guyana,PMO - US,From RDC,N/A - From RDC,Air,20-May-08,20-May-08,ARV,Adult,SCMS from RDC,SKU0008,"Lopinavir/Ritonavir 200/50mg [Aluvia], tablets, 120 Tabs",Aluvia,120,1530,125766,82.2,0.68,ABBVIE Ludwigshafen Germany,347,4220.15,201.23
11558,Tanzania,PMO - US,From RDC,N/A - From RDC,Air,10-Jul-08,10-Jul-08,ARV,Adult,SCMS from RDC,SKU0003,"Lamivudine 150mg, tablets, 60 Tabs",Generic,60,11352,33034.32,2.91,0.05,"Aurobindo Unit III, India",572,4152.56,52.85
11559,Tanzania,PMO - US,From RDC,N/A - From RDC,Air,26-Sep-08,26-Sep-08,ARV,Adult,SCMS from RDC,SKU0008,"Lopinavir/Ritonavir 200/50mg [Aluvia], tablets, 120 Tabs",Aluvia,120,2580,106038,41.1,0.34,ABBVIE Ludwigshafen Germany,587,1153.97,169.66
11560,Ethiopia,PMO - US,From RDC,N/A - From RDC,Air,11-Nov-08,11-Nov-08,ARV,Adult,SCMS from RDC,SKU0014,"Zidovudine 300mg, tablets, 60 Tabs",Generic,60,5000,39500,7.9,0.13,"Aurobindo Unit III, India",229,1774.3,77.42
11561,Zimbabwe,PMO - US,From RDC,N/A - From RDC,Truck,19-Nov-08,19-Nov-08,ARV,Adult,SCMS from RDC,SKU0098,"Lamivudine/Stavudine 150/30mg, tablets, 30 Tabs",Generic,30,8000,16000,2,0.07,"Cipla, Goa, India",8855,29883.7,31.36
11562,Zambia,PMO - US,From RDC,N/A - From RDC,Air,11-Dec-08,11-Dec-08,ARV,Adult,SCMS from RDC,SKU0014,"Zidovudine 300mg, tablets, 60 Tabs",Generic,60,2306,18793.9,8.15,0.14,"Aurobindo Unit III, India",132,1659.48,36.84
11563,Kenya,PMO - US,From RDC,N/A - From RDC,Truck,23-Oct-08,23-Oct-08,HRDT,HIV test - Ancillary,SCMS from RDC,SKU0022,"HIV, Lancet, Safety, for HIV Test kits, 100 Pcs",Generic,100,5000,50,0.01,0,Inverness Japan,Weight Captured Separately,Invoiced Separately,0.1
11564,Guyana,PMO - US,From RDC,N/A - From RDC,Air,21-Nov-08,21-Nov-08,ARV,Adult,SCMS from RDC,SKU0014,"Zidovudine 300mg, tablets, 60 Tabs",Generic,60,416,3286.4,7.9,0.13,"Aurobindo Unit III, India",49,1465.71,6.44
11565,Uganda,PMO - US,From RDC,N/A - From RDC,Air,3-Mar-09,3-Mar-09,ARV,Adult,SCMS from RDC,SKU0014,"Zidovudine 300mg, tablets, 60 Tabs",Generic,60,50,395,7.9,0.13,"Aurobindo Unit III, India",3,978.92,0.77
11567,Zambia,PMO - US,From RDC,N/A - From RDC,Truck,21-Oct-08,21-Oct-08,ARV,Adult,SCMS from RDC,SKU0007,"Nevirapine 200mg, tablets, 60 Tabs",Generic,60,40454,137543.6,3.4,0.06,"Aurobindo Unit III, India",3787,4060.55,269.59
11568,Uganda,PMO - US,From RDC,N/A - From RDC,Truck,15-Dec-08,15-Dec-08,ARV,Adult,SCMS from RDC,SKU0007,"Nevirapine 200mg, tablets, 60 Tabs",Generic,60,2523,8073.6,3.2,0.05,Hetero Unit III Hyderabad IN,585,5698.01,15.82
11569,Rwanda,PMO - US,From RDC,N/A - From RDC,Air,6-Mar-09,6-Mar-09,ARV,Adult,SCMS from RDC,SKU0011,"Lamivudine/Zidovudine 150/300mg, tablets, 60 Tabs",Generic,60,15000,131400,8.76,0.15,"Aurobindo Unit III, India",1364,21215.4,257.54
11570,Nigeria,PMO - US,From RDC,N/A - From RDC,Air,17-Nov-08,17-Nov-08,ARV,Adult,SCMS from RDC,SKU0004,"Stavudine 30mg, capsules, 60 Caps",Generic,60,948,1469.4,1.55,0.03,"Aurobindo Unit III, India",127,4984.4,2.88
11571,Nigeria,PMO - US,From RDC,N/A - From RDC,Air,17-Nov-08,17-Nov-08,ARV,Adult,SCMS from RDC,SKU0003,"Lamivudine 150mg, tablets, 60 Tabs",Generic,60,1077,3123.3,2.9,0.05,"Aurobindo Unit III, India",See DN-1008 (ID#:11570),See DN-1008 (ID#:11570),6.12
11572,Nigeria,PMO - US,From RDC,N/A - From RDC,Air,17-Nov-08,17-Nov-08,ARV,Adult,SCMS from RDC,SKU0053,"Emtricitabine/Tenofovir Disoproxil Fumarate 200/300mg [Truvada], tablets, 30 Tabs",Truvada,30,6,157.5,26.25,0.88,"Aspen-OSD, Port Elizabeth, SA",See DN-1008 (ID#:11570),See DN-1008 (ID#:11570),0.31
11573,Nigeria,PMO - US,From RDC,N/A - From RDC,Air,17-Nov-08,17-Nov-08,ARV,Adult,SCMS from RDC,SKU0007,"Nevirapine 200mg, tablets, 60 Tabs",Generic,60,2454,8343.6,3.4,0.06,"Aurobindo Unit III, India",231,4401.4,16.35
11574,Nigeria,PMO - US,From RDC,N/A - From RDC,Air,26-Nov-08,26-Nov-08,ARV,Adult,SCMS from RDC,SKU0011,"Lamivudine/Zidovudine 150/300mg, tablets, 60 Tabs",Generic,60,2780,25993,9.35,0.16,"Aurobindo Unit III, India",262,2426.8,50.95
11577,Zambia,PMO - US,From RDC,N/A - From RDC,Truck,23-Sep-08,23-Sep-08,ARV,Adult,SCMS from RDC,SKU0011,"Lamivudine/Zidovudine 150/300mg, tablets, 60 Tabs",Generic,60,26402,249498.9,9.45,0.16,"Aurobindo Unit III, India",6986,6269.7,399.2
11578,Zimbabwe,PMO - US,From RDC,N/A - From RDC,Truck,12-Sep-08,12-Sep-08,ARV,Adult,SCMS from RDC,SKU0044,"Lamivudine/Nevirapine/Stavudine 150/200/30mg, tablets, 60 Tabs",Generic,60,76000,562400,7.4,0.12,"Cipla, Goa, India",See DN-900 (ID#:11284),See DN-900 (ID#:11284),899.84
11579,Nigeria,PMO - US,From RDC,N/A - From RDC,Air,12-Sep-08,12-Sep-08,ARV,Adult,SCMS from RDC,SKU0053,"Emtricitabine/Tenofovir Disoproxil Fumarate 200/300mg [Truvada], tablets, 30 Tabs",Truvada,30,76,1995,26.25,0.88,"Aspen-OSD, Port Elizabeth, SA",7,747.5,3.19
11581,Haiti,PMO - US,From RDC,N/A - From RDC,Air,10-Dec-08,10-Dec-08,ARV,Pediatric,SCMS from RDC,SKU0048,"Lamivudine 10mg/ml, oral solution, Bottle, 240 ml",Generic,240,1595,3030.5,1.9,0.01,"Aurobindo Unit III, India",598,6338.09,5.94
11582,Zambia,PMO - US,From RDC,N/A - From RDC,Truck,7-Nov-08,7-Nov-08,ARV,Adult,SCMS from RDC,SKU0007,"Nevirapine 200mg, tablets, 60 Tabs",Generic,60,50000,170000,3.4,0.06,Hetero Unit III Hyderabad IN,2773,2938.92,333.2
11583,Mozambique,PMO - US,From RDC,N/A - From RDC,Air,18-Dec-08,18-Dec-08,ARV,Adult,SCMS from RDC,SKU0044,"Lamivudine/Nevirapine/Stavudine 150/200/30mg, tablets, 60 Tabs",Generic,60,92950,669240,7.2,0.12,"Strides, Bangalore, India.",6883,7534.18,1311.71
11584,Kenya,PMO - US,From RDC,N/A - From RDC,Truck,31-Oct-08,31-Oct-08,HRDT,HIV test,SCMS from RDC,SKU0009,"HIV 1/2, Uni-Gold HIV Kit, 20 Tests",Uni-Gold,20,1250,40000,32,1.6,"Trinity Biotech, Plc",394,157.5,78.4
11585,Namibia,PMO - US,From RDC,N/A - From RDC,Truck,30-Oct-08,30-Oct-08,ARV,Pediatric,SCMS from RDC,SKU0093,"Lamivudine/Nevirapine/Stavudine 30/50/6mg, dispersible tablets, 60 Tabs",Generic,60,1008,2509.92,2.49,0.04,"Cipla, Goa, India",303,2989.45,4.92
11586,Namibia,PMO - US,From RDC,N/A - From RDC,Truck,30-Oct-08,30-Oct-08,ARV,Pediatric,SCMS from RDC,SKU0108,"Lamivudine/Nevirapine/Stavudine 60/100/12mg, dispersible tablets, 60 Tabs",Generic,60,3600,16344,4.54,0.08,"Cipla, Goa, India",See DN-953 (ID#:11585),See DN-953 (ID#:11585),32.03
11587,Ethiopia,PMO - US,From RDC,N/A - From RDC,Air,4-Mar-09,4-Mar-09,ARV,Adult,SCMS from RDC,SKU0044,"Lamivudine/Nevirapine/Stavudine 150/200/30mg, tablets, 60 Tabs",Generic,60,41922,298484.64,7.12,0.12,"Strides, Bangalore, India.",3190,14732.36,585.03
11590,Côte d'Ivoire,PMO - US,From RDC,N/A - From RDC,Air,1-Dec-08,1-Dec-08,ARV,Pediatric,SCMS from RDC,SKU0076,"Stavudine 1mg/ml, powder for oral solution, 200 ml",Generic,200,3250,4550,1.4,0.01,"Aurobindo Unit III, India",315,6381.87,8.92
11591,Côte d'Ivoire,PMO - US,From RDC,N/A - From RDC,Air,3-Dec-08,3-Dec-08,ARV,Pediatric,SCMS from RDC,SKU0102,"Efavirenz 30mg/ml [Stocrin/Sustiva], oral solution, Bottle, 180 ml",Stocrin/Sustiva,180,1793,30409.28,16.96,0.09,"MSD, Haarlem, NL",See DN-948 (ID#:10994),See DN-948 (ID#:10994),59.6
11592,Uganda,PMO - US,From RDC,N/A - From RDC,Air,9-Dec-08,9-Dec-08,ARV,Adult,SCMS from RDC,SKU0054,"Lamivudine/Nevirapine/Zidovudine 150/200/300mg, tablets, 60 Tabs",Generic,60,4704,55507.2,11.8,0.2,"Aurobindo Unit III, India",See DN-968 (ID#:11289),See DN-968 (ID#:11289),108.79
11593,Uganda,PMO - US,From RDC,N/A - From RDC,Air,4-Nov-08,4-Nov-08,ARV,Adult,SCMS from RDC,SKU0053,"Emtricitabine/Tenofovir Disoproxil Fumarate 200/300mg [Truvada], tablets, 30 Tabs",Truvada,30,67,1758.75,26.25,0.88,Gilead(Nycomed) Oranienburg DE,666,4503,3.45
11594,Uganda,PMO - US,From RDC,N/A - From RDC,Air,4-Nov-08,4-Nov-08,ARV,Adult,SCMS from RDC,SKU0054,"Lamivudine/Nevirapine/Zidovudine 150/200/300mg, tablets, 60 Tabs",Generic,60,5919,69844.2,11.8,0.2,"Aurobindo Unit III, India",See DN-969 (ID#:11593),See DN-969 (ID#:11593),136.89
11595,Zambia,PMO - US,From RDC,N/A - From RDC,Air,17-Mar-09,17-Mar-09,ARV,Adult,SCMS from RDC,SKU0026,"Efavirenz 600mg, tablets, 30 Tabs",Generic,30,100000,1100000,11,0.37,"Aurobindo Unit III, India",8645,14041.17,2156
11596,Tanzania,PMO - US,From RDC,N/A - From RDC,,15-Sep-08,15-Sep-08,ARV,Adult,SCMS from RDC,SKU0011,"Lamivudine/Zidovudine 150/300mg, tablets, 60 Tabs",Generic,60,58086,551817,9.5,0.16,"Aurobindo Unit III, India",8343,9001.03,882.91
11597,Mozambique,PMO - US,From RDC,N/A - From RDC,Air,21-Feb-09,21-Feb-09,ARV,Adult,SCMS from RDC,SKU0007,"Nevirapine 200mg, tablets, 60 Tabs",Generic,60,7306,23379.2,3.2,0.05,Hetero Unit III Hyderabad IN,See DN-1034 (ID#:10732),See DN-1034 (ID#:10732),45.82
11598,Mozambique,PMO - US,From RDC,N/A - From RDC,Air,5-Sep-08,5-Sep-08,ARV,Adult,SCMS from RDC,SKU0098,"Lamivudine/Stavudine 150/30mg, tablets, 30 Tabs",Generic,30,10000,20000,2,0.07,"Cipla, Goa, India",See DN-850 (ID#:10733),See DN-850 (ID#:10733),32
11600,Mozambique,PMO - US,From RDC,N/A - From RDC,Air,26-Feb-09,26-Feb-09,ARV,Adult,SCMS from RDC,SKU0044,"Lamivudine/Nevirapine/Stavudine 150/200/30mg, tablets, 60 Tabs",Generic,60,92933,669117.6,7.2,0.12,"Strides, Bangalore, India.",7011,7199.72,1311.47
11601,Côte d'Ivoire,PMO - US,From RDC,N/A - From RDC,Air,1-Dec-08,1-Dec-08,ARV,Adult,SCMS from RDC,SKU0104,"Lamivudine/Stavudine 150/30mg, tablets, 60 Tabs",Generic,60,21542,84013.8,3.9,0.06,Mylan (formerly Matrix) Nashik,1583,6381.87,164.67
11602,Uganda,PMO - US,From RDC,N/A - From RDC,Air,9-Jan-09,9-Jan-09,ARV,Adult,SCMS from RDC,SKU0044,"Lamivudine/Nevirapine/Stavudine 150/200/30mg, tablets, 60 Tabs",Generic,60,1511,10879.2,7.2,0.12,"Strides, Bangalore, India.",205,2202.02,21.32
11603,Ethiopia,PMO - US,From RDC,N/A - From RDC,Air,3-Mar-09,3-Mar-09,ARV,Adult,SCMS from RDC,SKU0026,"Efavirenz 600mg, tablets, 30 Tabs",Generic,30,11549,122650.38,10.62,0.35,"Aurobindo Unit III, India",See DN-1052 (ID#:10737),See DN-1052 (ID#:10737),240.39
11605,Uganda,PMO - US,From RDC,N/A - From RDC,Air,25-Sep-08,25-Sep-08,ARV,Pediatric,SCMS from RDC,SKU0005,"Zidovudine 10mg/ml, oral solution, Bottle, 240 ml",Generic,240,14668,30802.8,2.1,0.01,"Aurobindo Unit III, India",5511,7876.44,49.28
11606,Tanzania,PMO - US,From RDC,N/A - From RDC,Air,26-Sep-08,26-Sep-08,ARV,Adult,SCMS from RDC,SKU0026,"Efavirenz 600mg, tablets, 30 Tabs",Generic,30,131808,1583014.08,12.01,0.4,Mylan (formerly Matrix) Nashik,9996,8399.76,2532.82
11607,Uganda,PMO - US,From RDC,N/A - From RDC,Air,5-Mar-09,5-Mar-09,ARV,Adult,SCMS from RDC,SKU0007,"Nevirapine 200mg, tablets, 60 Tabs",Generic,60,1524,4876.8,3.2,0.05,"Aurobindo Unit III, India",See DN-1084 (ID#:11295),See DN-1084 (ID#:11295),9.56
11608,Ethiopia,PMO - US,From RDC,N/A - From RDC,Air,3-Mar-09,3-Mar-09,ARV,Adult,SCMS from RDC,SKU0029,"Tenofovir Disoproxil Fumarate 300mg, tablets, 30 Tabs",Generic,30,7000,92960,13.28,0.44,Mylan (formerly Matrix) Nashik,See DN-1052 (ID#:10737),See DN-1052 (ID#:10737),182.2
11609,Ethiopia,PMO - US,From RDC,N/A - From RDC,Air,3-Mar-09,3-Mar-09,ARV,Adult,SCMS from RDC,SKU0098,"Lamivudine/Stavudine 150/30mg, tablets, 30 Tabs",Generic,30,14814,29628,2,0.07,"Cipla, Goa, India",See DN-1052 (ID#:10737),See DN-1052 (ID#:10737),58.07
11610,Pakistan,PMO - US,From RDC,N/A - From RDC,Air,1-Apr-09,1-Apr-09,HRDT,HIV test,SCMS from RDC,SKU0009,"HIV 1/2, Uni-Gold HIV Kit, 20 Tests",Uni-Gold,20,15,540,36,1.8,"Trinity Biotech, Plc",16,1764.93,1.06
11612,Zambia,PMO - US,From RDC,N/A - From RDC,Truck,27-Aug-08,27-Aug-08,ARV,Adult,SCMS from RDC,SKU0007,"Nevirapine 200mg, tablets, 60 Tabs",Generic,60,44440,151096,3.4,0.06,"Aurobindo Unit III, India",8276,6120.06,241.75
11613,Nigeria,PMO - US,From RDC,N/A - From RDC,Air,24-Aug-08,24-Aug-08,ARV,Adult,SCMS from RDC,SKU0053,"Emtricitabine/Tenofovir Disoproxil Fumarate 200/300mg [Truvada], tablets, 30 Tabs",Truvada,30,15000,393750,26.25,0.88,"Aspen-OSD, Port Elizabeth, SA",1317,8924.98,630
11614,Haiti,PMO - US,From RDC,N/A - From RDC,Air,4-Nov-08,4-Nov-08,ARV,Adult,SCMS from RDC,SKU0007,"Nevirapine 200mg, tablets, 60 Tabs",Generic,60,21814,69804.8,3.2,0.05,"Aurobindo Unit III, India",See DN-944 (ID#:11012),See DN-944 (ID#:11012),136.82
11615,Nigeria,PMO - US,From RDC,N/A - From RDC,Air,19-Jan-09,19-Jan-09,ARV,Adult,SCMS from RDC,SKU0007,"Nevirapine 200mg, tablets, 60 Tabs",Generic,60,1923,79035.3,41.1,0.68,"Aurobindo Unit III, India",See DN-1059 (ID#:11016),See DN-1059 (ID#:11016),154.91
11616,Uganda,PMO - US,From RDC,N/A - From RDC,Air,9-Jan-09,9-Jan-09,ARV,Adult,SCMS from RDC,SKU0044,"Lamivudine/Nevirapine/Stavudine 150/200/30mg, tablets, 60 Tabs",Generic,60,3374,24292.8,7.2,0.12,"Strides, Bangalore, India.",250,2331.03,47.61
11617,Uganda,PMO - US,From RDC,N/A - From RDC,Air,9-Jan-09,9-Jan-09,ARV,Adult,SCMS from RDC,SKU0026,"Efavirenz 600mg, tablets, 30 Tabs",Generic,30,1444,15884,11,0.37,"Aurobindo Unit III, India",See DN-986 (ID#:10748),See DN-986 (ID#:10748),31.13
11618,Ethiopia,PMO - US,From RDC,N/A - From RDC,Air,18-Feb-09,18-Feb-09,ARV,Adult,SCMS from RDC,SKU0044,"Lamivudine/Nevirapine/Stavudine 150/200/30mg, tablets, 60 Tabs",Generic,60,8258,58796.96,7.12,0.12,"Strides, Bangalore, India.",5147,29336.46,115.24
11619,Ethiopia,PMO - US,From RDC,N/A - From RDC,Air,4-Mar-09,4-Mar-09,ARV,Adult,SCMS from RDC,SKU0054,"Lamivudine/Nevirapine/Zidovudine 150/200/300mg, tablets, 60 Tabs",Generic,60,27588,325538.4,11.8,0.2,"Aurobindo Unit III, India",3146,14538.36,638.06
11620,Nigeria,PMO - US,From RDC,N/A - From RDC,Air Charter,19-Mar-09,19-Mar-09,ARV,Adult,SCMS from RDC,SKU0044,"Lamivudine/Nevirapine/Stavudine 150/200/30mg, tablets, 60 Tabs",Generic,60,11608,82648.96,7.12,0.12,"Cipla, Goa, India",1871,11492.86,161.99
11622,Nigeria,PMO - US,From RDC,N/A - From RDC,Air,24-Mar-09,24-Mar-09,ARV,Adult,SCMS from RDC,SKU0053,"Emtricitabine/Tenofovir Disoproxil Fumarate 200/300mg [Truvada], tablets, 30 Tabs",Truvada,30,143,3753.75,26.25,0.88,"Aspen-OSD, Port Elizabeth, SA",14,6443.61,7.36
11623,Nigeria,PMO - US,From RDC,N/A - From RDC,Air,24-Mar-09,24-Mar-09,ARV,Adult,SCMS from RDC,SKU0053,"Emtricitabine/Tenofovir Disoproxil Fumarate 200/300mg [Truvada], tablets, 30 Tabs",Truvada,30,326,8557.5,26.25,0.88,"Aspen-OSD, Port Elizabeth, SA",35,6443.61,16.77
11624,Nigeria,PMO - US,From RDC,N/A - From RDC,Air,24-Mar-09,24-Mar-09,ARV,Adult,SCMS from RDC,SKU0053,"Emtricitabine/Tenofovir Disoproxil Fumarate 200/300mg [Truvada], tablets, 30 Tabs",Truvada,30,873,22916.25,26.25,0.88,"Aspen-OSD, Port Elizabeth, SA",76,6443.61,44.92
11626,Rwanda,PMO - US,From RDC,N/A - From RDC,Truck,28-Oct-08,28-Oct-08,ARV,Adult,SCMS from RDC,SKU0007,"Nevirapine 200mg, tablets, 60 Tabs",Generic,60,288,921.6,3.2,0.05,"Aurobindo Unit III, India",28,896.26,1.81
11627,Nigeria,PMO - US,From RDC,N/A - From RDC,Air,19-Jan-09,19-Jan-09,ARV,Adult,SCMS from RDC,SKU0053,"Emtricitabine/Tenofovir Disoproxil Fumarate 200/300mg [Truvada], tablets, 30 Tabs",Truvada,30,32696,858270,26.25,0.88,"Aspen-OSD, Port Elizabeth, SA",2873,7363.73,1682.21
11628,Mozambique,PMO - US,From RDC,N/A - From RDC,Air,14-Nov-08,14-Nov-08,ARV,Adult,SCMS from RDC,SKU0044,"Lamivudine/Nevirapine/Stavudine 150/200/30mg, tablets, 60 Tabs",Generic,60,27080,194976,7.2,0.12,"Strides, Bangalore, India.",See DN-933 (ID#:10755),See DN-933 (ID#:10755),311.96
11629,Nigeria,PMO - US,From RDC,N/A - From RDC,Air,2-Apr-09,2-Apr-09,ARV,Adult,SCMS from RDC,SKU0053,"Emtricitabine/Tenofovir Disoproxil Fumarate 200/300mg [Truvada], tablets, 30 Tabs",Truvada,30,50,1312.5,26.25,0.88,"Aspen-OSD, Port Elizabeth, SA",5,286.65,2.57
11630,Nigeria,PMO - US,From RDC,N/A - From RDC,Air,30-Apr-09,30-Apr-09,ARV,Adult,SCMS from RDC,SKU0007,"Nevirapine 200mg, tablets, 60 Tabs",Generic,60,5754,18412.8,3.2,0.05,Hetero Unit III Hyderabad IN,318,3515.96,36.09
11634,Haiti,PMO - US,From RDC,N/A - From RDC,Air,19-May-09,19-May-09,ARV,Adult,SCMS from RDC,SKU0041,"Stavudine 15mg, capsules, 60 Caps",Generic,60,108,162,1.5,0.02,"Aurobindo Unit III, India",See DN-1205 (ID#:11314),See DN-1205 (ID#:11314),0.32
11635,Nigeria,PMO - US,From RDC,N/A - From RDC,Air Charter,8-May-09,8-May-09,ARV,Adult,SCMS from RDC,SKU0054,"Lamivudine/Nevirapine/Zidovudine 150/200/300mg, tablets, 60 Tabs",Generic,60,1,11.4,11.4,0.19,"Aurobindo Unit III, India",See DN-1209 (ID#:10763),See DN-1209 (ID#:10763),0.02
11636,Haiti,PMO - US,From RDC,N/A - From RDC,Air,22-May-09,22-May-09,ARV,Adult,SCMS from RDC,SKU0004,"Stavudine 30mg, capsules, 60 Caps",Generic,60,4860,7241.4,1.49,0.02,"Aurobindo Unit III, India",2034,23441.88,14.19
11637,Uganda,PMO - US,From RDC,N/A - From RDC,Air,1-Jun-09,1-Jun-09,ARV,Adult,SCMS from RDC,SKU0011,"Lamivudine/Zidovudine 150/300mg, tablets, 60 Tabs",Generic,60,685,6000.6,8.76,0.15,Mylan (formerly Matrix) Nashik,67,1122.87,11.76
11638,Zambia,PMO - US,From RDC,N/A - From RDC,Truck,8-Jun-09,8-Jun-09,ARV,Adult,SCMS from RDC,SKU0026,"Efavirenz 600mg, tablets, 30 Tabs",Generic,30,28454,312994,11,0.37,"Aurobindo Unit III, India",3279,8288.78,613.47
11639,Mozambique,PMO - US,From RDC,N/A - From RDC,Truck,28-Jun-09,28-Jun-09,ARV,Adult,SCMS from RDC,SKU0014,"Zidovudine 300mg, tablets, 60 Tabs",Generic,60,7300,56283,7.71,0.13,"Aurobindo Unit III, India",See DN-1231 (ID#:11044),See DN-1231 (ID#:11044),110.31
11640,Ghana,PMO - US,From RDC,N/A - From RDC,Truck,12-Aug-09,12-Aug-09,ARV,Adult,SCMS from RDC,SKU0059,"Stavudine 20mg, capsules, 60 Caps",Generic,60,477,4.77,0.01,0,"Aurobindo Unit III, India",See DN-1235 (ID#:10769),See DN-1235 (ID#:10769),0.01
11641,Ghana,PMO - US,From RDC,N/A - From RDC,Truck,12-Aug-09,12-Aug-09,ARV,Pediatric,SCMS from RDC,SKU0071,"Abacavir 20mg/ml, oral solution, Bottle, 240 ml",Generic,240,374,3.74,0.01,0,"Aurobindo Unit III, India",See DN-1235 (ID#:10769),See DN-1235 (ID#:10769),0.01
11646,Uganda,PMO - US,From RDC,N/A - From RDC,Air,23-Jun-09,23-Jun-09,ARV,Adult,SCMS from RDC,SKU0054,"Lamivudine/Nevirapine/Zidovudine 150/200/300mg, tablets, 60 Tabs",Generic,60,10371,117710.85,11.35,0.19,Mylan (formerly Matrix) Nashik,1273,7493.5,230.71
11647,Nigeria,PMO - US,From RDC,N/A - From RDC,Air Charter,16-Jun-09,16-Jun-09,ARV,Adult,SCMS from RDC,SKU0007,"Nevirapine 200mg, tablets, 60 Tabs",Generic,60,24,72,3,0.05,"Aurobindo Unit III, India",21,7329.83,0.14
11652,Haiti,PMO - US,From RDC,N/A - From RDC,Air,18-Jun-09,18-Jun-09,ARV,Pediatric,SCMS from RDC,SKU0001,"Nevirapine 10mg/ml, oral suspension, Bottle, 240 ml",Generic,240,3035,5827.2,1.92,0.01,"Aurobindo Unit III, India",1133,7789.85,11.42
11653,Haiti,PMO - US,From RDC,N/A - From RDC,Air,18-Jun-09,18-Jun-09,ARV,Adult,SCMS from RDC,SKU0041,"Stavudine 15mg, capsules, 60 Caps",Generic,60,36,54,1.5,0.02,"Aurobindo Unit III, India",See DN-1280 (ID#:10776),See DN-1280 (ID#:10776),0.11
11654,Uganda,PMO - US,From RDC,N/A - From RDC,Air,23-Jun-09,23-Jun-09,ARV,Adult,SCMS from RDC,SKU0011,"Lamivudine/Zidovudine 150/300mg, tablets, 60 Tabs",Generic,60,6000,52560,8.76,0.15,Mylan (formerly Matrix) Nashik,486,3338.35,103.02
11655,Uganda,PMO - US,From RDC,N/A - From RDC,Air,22-Jun-09,22-Jun-09,ARV,Adult,SCMS from RDC,SKU0026,"Efavirenz 600mg, tablets, 30 Tabs",Generic,30,7300,50005,6.85,0.23,"Aurobindo Unit III, India",See DN-1287 (ID#:11055),See DN-1287 (ID#:11055),98.01
11656,Zimbabwe,PMO - US,From RDC,N/A - From RDC,Truck,22-Jun-09,22-Jun-09,ARV,Adult,SCMS from RDC,SKU0104,"Lamivudine/Stavudine 150/30mg, tablets, 60 Tabs",Generic,60,4000,16000,4,0.07,"Cipla, Goa, India",See DN-1289 (ID#:11332),See DN-1289 (ID#:11332),31.36
11657,Côte d'Ivoire,PMO - US,From RDC,N/A - From RDC,Air,8-Jul-09,8-Jul-09,ARV,Pediatric,SCMS from RDC,SKU0048,"Lamivudine 10mg/ml, oral solution, Bottle, 240 ml",Generic,240,3500,6650,1.9,0.01,"Aurobindo Unit III, India",1208,4329.01,13.03
11660,Côte d'Ivoire,PMO - US,From RDC,N/A - From RDC,Air,14-Jul-09,14-Jul-09,ARV,Adult,SCMS from RDC,SKU0007,"Nevirapine 200mg, tablets, 60 Tabs",Generic,60,13325,39975,3,0.05,"Aurobindo Unit III, India",See DN-1315 (ID#:10781),See DN-1315 (ID#:10781),78.35
11662,Zambia,PMO - US,From RDC,N/A - From RDC,Truck,4-Sep-09,4-Sep-09,ARV,Adult,SCMS from RDC,SKU0044,"Lamivudine/Nevirapine/Stavudine 150/200/30mg, tablets, 60 Tabs",Generic,60,40126,285697.12,7.12,0.12,"Cipla, Goa, India",4414,4506.2,559.97
11663,Mozambique,PMO - US,From RDC,N/A - From RDC,Truck,27-Aug-09,27-Aug-09,ARV,Adult,SCMS from RDC,SKU0011,"Lamivudine/Zidovudine 150/300mg, tablets, 60 Tabs",Generic,60,2484,21759.84,8.76,0.15,"Aurobindo Unit III, India",2078,2400.25,42.65
11664,Mozambique,PMO - US,From RDC,N/A - From RDC,Air,3-Sep-09,3-Sep-09,ARV,Adult,SCMS from RDC,SKU0004,"Stavudine 30mg, capsules, 60 Caps",Generic,60,370,551.3,1.49,0.02,"Strides, Bangalore, India.",18,423.89,1.08
11665,Nigeria,PMO - US,From RDC,N/A - From RDC,Air Charter,4-Aug-09,4-Aug-09,ARV,Adult,SCMS from RDC,SKU0054,"Lamivudine/Nevirapine/Zidovudine 150/200/300mg, tablets, 60 Tabs",Generic,60,4501,51311.4,11.4,0.19,"Aurobindo Unit III, India",507,7445.8,100.57
11666,Nigeria,PMO - US,From RDC,N/A - From RDC,Air Charter,4-Aug-09,4-Aug-09,ARV,Adult,SCMS from RDC,SKU0053,"Emtricitabine/Tenofovir Disoproxil Fumarate 200/300mg [Truvada], tablets, 30 Tabs",Truvada,30,873,22916.25,26.25,0.88,"Aspen-OSD, Port Elizabeth, SA",76,7445.8,44.92
11667,Nigeria,PMO - US,From RDC,N/A - From RDC,Air Charter,4-Aug-09,4-Aug-09,ARV,Adult,SCMS from RDC,SKU0053,"Emtricitabine/Tenofovir Disoproxil Fumarate 200/300mg [Truvada], tablets, 30 Tabs",Truvada,30,149824,3932880,26.25,0.88,"Aspen-OSD, Port Elizabeth, SA",13037,7445.8,7708.44
11668,Côte d'Ivoire,PMO - US,From RDC,N/A - From RDC,Air,4-Aug-09,4-Aug-09,ARV,Adult,SCMS from RDC,SKU0011,"Lamivudine/Zidovudine 150/300mg, tablets, 60 Tabs",Generic,60,214,1874.64,8.76,0.15,"Aurobindo Unit III, India",19,1133,3.67
11669,Uganda,PMO - US,From RDC,N/A - From RDC,Air,15-Sep-09,15-Sep-09,ARV,Adult,SCMS from RDC,SKU0053,"Emtricitabine/Tenofovir Disoproxil Fumarate 200/300mg [Truvada], tablets, 30 Tabs",Truvada,30,1201,31526.25,26.25,0.88,"Aspen-OSD, Port Elizabeth, SA",327,2737.97,61.79
11670,Haiti,PMO - US,From RDC,N/A - From RDC,Air,31-Jul-09,31-Jul-09,ARV,Pediatric,SCMS from RDC,SKU0076,"Stavudine 1mg/ml, powder for oral solution, 200 ml",Generic,200,400,560,1.4,0.01,"Aurobindo Unit III, India",39,6811.39,1.1
11672,Zambia,PMO - US,From RDC,N/A - From RDC,Truck,17-Aug-09,17-Aug-09,ARV,Adult,SCMS from RDC,SKU0058,"Abacavir 300mg, tablets, 60 Tabs",Generic,60,10406,264832.7,25.45,0.42,Mylan (formerly Matrix) Nashik,See DN-1382 (ID#:10788),See DN-1382 (ID#:10788),519.07
11673,Zambia,PMO - US,From RDC,N/A - From RDC,Truck,15-Sep-09,15-Sep-09,ARV,Adult,SCMS from RDC,SKU0026,"Efavirenz 600mg, tablets, 30 Tabs",Generic,30,120000,960000,8,0.27,"Aurobindo Unit III, India",20144,8281.69,1881.6
11674,Côte d'Ivoire,PMO - US,From RDC,N/A - From RDC,Air,25-Aug-09,25-Aug-09,ARV,Pediatric,SCMS from RDC,SKU0001,"Nevirapine 10mg/ml, oral suspension, Bottle, 240 ml",Generic,240,2917,5600.64,1.92,0.01,"Aurobindo Unit III, India",1348,5233.52,10.98
11675,Côte d'Ivoire,PMO - US,From RDC,N/A - From RDC,Air,25-Aug-09,25-Aug-09,ARV,Pediatric,SCMS from RDC,SKU0065,"Zidovudine 100mg, capsules, 100 Caps",Generic,100,3612,18060,5,0.05,"Aurobindo Unit III, India",See DN-1387 (ID#:11674),See DN-1387 (ID#:11674),35.4
11677,Zambia,PMO - US,From RDC,N/A - From RDC,Truck,21-Aug-09,21-Aug-09,ARV,Adult,SCMS from RDC,SKU0044,"Lamivudine/Nevirapine/Stavudine 150/200/30mg, tablets, 60 Tabs",Generic,60,2393,17038.16,7.12,0.12,"Cipla, Goa, India",256,2014.86,33.39
11678,Uganda,PMO - US,From RDC,N/A - From RDC,Air,24-Aug-09,24-Aug-09,ARV,Adult,SCMS from RDC,SKU0007,"Nevirapine 200mg, tablets, 60 Tabs",Generic,60,4564,13235.6,2.9,0.05,"Aurobindo Unit III, India",847,4999.48,25.94
11679,Côte d'Ivoire,PMO - US,From RDC,N/A - From RDC,Air,8-Sep-09,8-Sep-09,ARV,Adult,SCMS from RDC,SKU0026,"Efavirenz 600mg, tablets, 30 Tabs",Generic,30,15000,102750,6.85,0.23,"Aurobindo Unit III, India",1582,6037.19,201.39
11680,Uganda,PMO - US,From RDC,N/A - From RDC,Air,11-Sep-09,11-Sep-09,ARV,Adult,SCMS from RDC,SKU0011,"Lamivudine/Zidovudine 150/300mg, tablets, 60 Tabs",Generic,60,13000,113880,8.76,0.15,Mylan (formerly Matrix) Nashik,1051,6575.7,223.2
11681,Zambia,PMO - US,From RDC,N/A - From RDC,Truck,19-Oct-09,19-Oct-09,ARV,Adult,SCMS from RDC,SKU0007,"Nevirapine 200mg, tablets, 60 Tabs",Generic,60,84282,252846,3,0.05,"Aurobindo Unit III, India",13680,16339.98,495.58
11682,Côte d'Ivoire,PMO - US,From RDC,N/A - From RDC,Air,16-Sep-09,16-Sep-09,ARV,Pediatric,SCMS from RDC,SKU0005,"Zidovudine 10mg/ml, oral solution, Bottle, 240 ml",Generic,240,5527,11606.7,2.1,0.01,"Aurobindo Unit III, India",5317,11005.67,22.75
11683,Côte d'Ivoire,PMO - US,From RDC,N/A - From RDC,Air,25-Sep-09,25-Sep-09,ARV,Adult,SCMS from RDC,SKU0003,"Lamivudine 150mg, tablets, 60 Tabs",Generic,60,4400,10736,2.44,0.04,"Aurobindo Unit III, India",640,5678.7,21.04
11684,Nigeria,PMO - US,From RDC,N/A - From RDC,Air Charter,20-Oct-09,20-Oct-09,ARV,Adult,SCMS from RDC,SKU0054,"Lamivudine/Nevirapine/Zidovudine 150/200/300mg, tablets, 60 Tabs",Generic,60,5060,57684,11.4,0.19,"Aurobindo Unit III, India",570,9341.49,113.06
11685,Nigeria,PMO - US,From RDC,N/A - From RDC,Air Charter,20-Oct-09,20-Oct-09,ARV,Adult,SCMS from RDC,SKU0105,"Emtricitabine/Tenofovir Disoproxil Fumarate 200/300mg, tablets, 30 Tabs",Generic,30,243,2855.25,11.75,0.39,Mylan (formerly Matrix) Nashik,22,9341.49,5.6
11687,Mozambique,PMO - US,From RDC,N/A - From RDC,Truck,7-Oct-09,7-Oct-09,ARV,Adult,SCMS from RDC,SKU0011,"Lamivudine/Zidovudine 150/300mg, tablets, 60 Tabs",Generic,60,9288,81362.88,8.76,0.15,"Aurobindo Unit III, India",979,1588.06,159.47
11688,Mozambique,PMO - US,From RDC,N/A - From RDC,Air,7-Nov-09,7-Nov-09,ARV,Adult,SCMS from RDC,SKU0011,"Lamivudine/Zidovudine 150/300mg, tablets, 60 Tabs",Generic,60,16524,144750.24,8.76,0.15,"Aurobindo Unit III, India",1488,4764.16,283.71
11689,Uganda,PMO - US,From RDC,N/A - From RDC,Air,12-Oct-09,12-Oct-09,ARV,Adult,SCMS from RDC,SKU0054,"Lamivudine/Nevirapine/Zidovudine 150/200/300mg, tablets, 60 Tabs",Generic,60,350,3972.5,11.35,0.19,"Aurobindo Unit III, India",45,749.25,7.79
11740,Tanzania,PMO - US,From RDC,N/A - From RDC,,19-Jul-07,19-Jul-07,HRDT,HIV test,SCMS from RDC,SKU0024,"HIV 1/2, Capillus HIV Kit, 100 Tests",Capillus,100,300,41700,139,1.39,"Trinity Biotech, Plc",176,2102,66.72
11690,Tanzania,PMO - US,From RDC,N/A - From RDC,Truck,26-Oct-09,26-Oct-09,ARV,Adult,SCMS from RDC,SKU0058,"Abacavir 300mg, tablets, 60 Tabs",Generic,60,3752,95488.4,25.45,0.42,"Aurobindo Unit III, India",See DN-1470 (ID#:10798),See DN-1470 (ID#:10798),187.16
11691,Ethiopia,PMO - US,From RDC,N/A - From RDC,Air,20-Oct-09,20-Oct-09,ARV,Pediatric,SCMS from RDC,SKU0071,"Abacavir 20mg/ml, oral solution, Bottle, 240 ml",Generic,240,100,1464,14.64,0.06,"Aurobindo Unit III, India",18,523.45,3.16
11692,Nigeria,PMO - US,From RDC,N/A - From RDC,Air,18-Dec-09,18-Dec-09,ARV,Adult,SCMS from RDC,SKU0054,"Lamivudine/Nevirapine/Zidovudine 150/200/300mg, tablets, 60 Tabs",Generic,60,60840,693576,11.4,0.19,Mylan (formerly Matrix) Nashik,7663,33279.39,1495.35
11693,Lebanon,PMO - US,From RDC,N/A - From RDC,Air,18-Nov-09,18-Nov-09,ARV,Pediatric,SCMS from RDC,SKU0082,"Didanosine 100mg, chewable/dispersible tablets, 60 Tabs",Generic,60,120,1.2,0.01,0,"Aurobindo Unit III, India",See DN-1487 (ID#:11073),See DN-1487 (ID#:11073),0
11694,Lebanon,PMO - US,From RDC,N/A - From RDC,Air,24-Nov-09,24-Nov-09,ARV,Adult,SCMS from RDC,SKU0003,"Lamivudine 150mg, tablets, 60 Tabs",Generic,60,200,2,0.01,0,Hetero Unit III Hyderabad IN,See DN-1488 (ID#:11074),See DN-1488 (ID#:11074),0
11695,Zambia,PMO - US,From RDC,N/A - From RDC,Truck,29-Oct-09,29-Oct-09,ARV,Adult,SCMS from RDC,SKU0011,"Lamivudine/Zidovudine 150/300mg, tablets, 60 Tabs",Generic,60,31240,273662.4,8.76,0.15,"Aurobindo Unit III, India",2832,4897.42,590.02
11697,Ethiopia,PMO - US,From RDC,N/A - From RDC,Air,26-Nov-09,26-Nov-09,ARV,Adult,SCMS from RDC,SKU0007,"Nevirapine 200mg, tablets, 60 Tabs",Generic,60,6661,19316.9,2.9,0.05,"Aurobindo Unit III, India",778,4702.02,41.65
11698,Mozambique,PMO - US,From RDC,N/A - From RDC,Air,1-Feb-07,1-Feb-07,ARV,Adult,SCMS from RDC,SKU0041,"Stavudine 15mg, capsules, 60 Caps",Generic,60,3287,7724.45,2.35,0.04,"Aurobindo Unit III, India",See DN-15 (ID#:10804),See DN-15 (ID#:10804),
11703,Côte d'Ivoire,PMO - US,From RDC,N/A - From RDC,,22-Feb-07,22-Feb-07,ARV,Adult,SCMS from RDC,SKU0021,"Tenofovir Disoproxil Fumarate 300mg [Viread], tablets, 30 Tabs",Viread,30,384,6528,17,0.57,Gilead(Nycomed) Oranienburg DE,See DN-16 (ID#:10540),See DN-16 (ID#:10540),
11706,Guyana,PMO - US,From RDC,N/A - From RDC,Air,8-Mar-07,8-Mar-07,HRDT,HIV test,SCMS from RDC,SKU0002,"HIV 1/2, Determine Complete HIV Kit, 100 Tests",Determine,100,210,16800,80,0.8,ABBVIE GmbH & Co.KG Wiesbaden,60,6012,
11707,Zambia,PMO - US,From RDC,N/A - From RDC,,3-May-07,3-May-07,HRDT,HIV test,SCMS from RDC,SKU0009,"HIV 1/2, Uni-Gold HIV Kit, 20 Tests",Uni-Gold,20,3500,112000,32,1.6,"Trinity Biotech, Plc",1109,9437.24,
11708,Mozambique,PMO - US,From RDC,N/A - From RDC,Air,4-May-07,4-May-07,ARV,Adult,SCMS from RDC,SKU0014,"Zidovudine 300mg, tablets, 60 Tabs",Generic,60,4000,34080,8.52,0.14,"Ranbaxy, Paonta Shahib, India",Weight Captured Separately,596.4,
11709,Nigeria,PMO - US,From RDC,N/A - From RDC,,17-Apr-07,17-Apr-07,ARV,Pediatric,SCMS from RDC,SKU0048,"Lamivudine 10mg/ml, oral solution, Bottle, 240 ml",Generic,240,1200,2640,2.2,0.01,"Aurobindo Unit III, India",See DN-72 (ID#:11097),See DN-72 (ID#:11097),
11710,Nigeria,PMO - US,From RDC,N/A - From RDC,,17-Apr-07,17-Apr-07,ARV,Adult,SCMS from RDC,SKU0095,"Lamivudine/Zidovudine+Nevirapine 150/300+200mg, tablets, co-blister, 60+60 Tabs",Generic,120,2703,55411.5,20.5,0.17,"Aspen-OSD, Port Elizabeth, SA",401,2208,
11711,Haiti,PMO - US,From RDC,N/A - From RDC,,11-May-07,11-May-07,HRDT,HIV test,SCMS from RDC,SKU0018,"HIV 1/2, OraQuick Advance HIV Rapid Antibody Kit, 100 Tests",OraQuick,100,10,4000,400,4,"Pacific Biotech, Thailand",24,1027,
11712,Haiti,PMO - US,From RDC,N/A - From RDC,Air,8-May-07,8-May-07,HRDT,HIV test,SCMS from RDC,SKU0018,"HIV 1/2, OraQuick Advance HIV Rapid Antibody Kit, 100 Tests",OraQuick,100,15,6000,400,4,"Pacific Biotech, Thailand",Weight Captured Separately,977.64,
11713,Côte d'Ivoire,PMO - US,From RDC,N/A - From RDC,,4-May-07,4-May-07,ARV,Adult,SCMS from RDC,SKU0026,"Efavirenz 600mg, tablets, 30 Tabs",Generic,30,10000,162500,16.25,0.54,"Aurobindo Unit III, India",910,3026,
11714,Côte d'Ivoire,PMO - US,From RDC,N/A - From RDC,,30-Apr-07,30-Apr-07,ARV,Adult,SCMS from RDC,SKU0058,"Abacavir 300mg, tablets, 60 Tabs",Generic,60,68,2995.4,44.05,0.73,"Aurobindo Unit III, India",See DN-71 (ID#:11374),See DN-71 (ID#:11374),
11715,Guyana,PMO - US,From RDC,N/A - From RDC,,7-Jun-07,7-Jun-07,HRDT,HIV test,SCMS from RDC,SKU0002,"HIV 1/2, Determine Complete HIV Kit, 100 Tests",Determine,100,100,8000,80,0.8,ABBVIE GmbH & Co.KG Wiesbaden,32,944.67,
11716,Nigeria,PMO - US,From RDC,N/A - From RDC,,30-Apr-07,30-Apr-07,HRDT,HIV test,SCMS from RDC,SKU0016,"HIV 1/2, Stat-Pak HIV, Kit, 20 Tests",Stat-Pak,20,5250,141750,27,1.35,Chembio Diagnostics Sys. Inc.,1699,8526.94,
11718,Côte d'Ivoire,PMO - US,From RDC,N/A - From RDC,,30-Apr-07,30-Apr-07,ARV,Adult,SCMS from RDC,SKU0044,"Lamivudine/Nevirapine/Stavudine 150/200/30mg, tablets, 60 Tabs",Generic,60,9000,67500,7.5,0.12,"Cipla, Goa, India",992,3205,
11719,Mozambique,PMO - US,From RDC,N/A - From RDC,Air,17-Apr-07,17-Apr-07,ARV,Adult,SCMS from RDC,SKU0054,"Lamivudine/Nevirapine/Zidovudine 150/200/300mg, tablets, 60 Tabs",Generic,60,30000,525000,17.5,0.29,"Aurobindo Unit III, India",See DN-44 (ID#:10549),See DN-44 (ID#:10549),
11721,Côte d'Ivoire,PMO - US,From RDC,N/A - From RDC,,4-May-07,4-May-07,ARV,Adult,SCMS from RDC,SKU0011,"Lamivudine/Zidovudine 150/300mg, tablets, 60 Tabs",Generic,60,10000,102500,10.25,0.17,"Aurobindo Unit III, India",963,3142,
11722,Côte d'Ivoire,PMO - US,From RDC,N/A - From RDC,,30-Apr-07,30-Apr-07,ARV,Adult,SCMS from RDC,SKU0044,"Lamivudine/Nevirapine/Stavudine 150/200/30mg, tablets, 60 Tabs",Generic,60,1000,7500,7.5,0.12,"Cipla, Goa, India",104,1458,
11723,Côte d'Ivoire,PMO - US,From RDC,N/A - From RDC,,30-Apr-07,30-Apr-07,ARV,Adult,SCMS from RDC,SKU0044,"Lamivudine/Nevirapine/Stavudine 150/200/30mg, tablets, 60 Tabs",Generic,60,9000,67500,7.5,0.12,"Cipla, Goa, India",969,3155,
11724,Zimbabwe,PMO - US,From RDC,N/A - From RDC,,12-Jun-07,12-Jun-07,ARV,Adult,SCMS from RDC,SKU0014,"Zidovudine 300mg, tablets, 60 Tabs",Generic,60,534,5217.18,9.77,0.16,"Ranbaxy, Paonta Shahib, India",See DN-187 (ID#:10825),See DN-187 (ID#:10825),8.35
11725,Zambia,PMO - US,From RDC,N/A - From RDC,Air,26-Jun-07,26-Jun-07,ARV,Pediatric,SCMS from RDC,SKU0066,"Efavirenz 200mg, capsule, 90 Caps",Generic,90,3436,58240.2,16.95,0.19,"Aurobindo Unit III, India",395,1848.37,93.18
11731,Côte d'Ivoire,PMO - US,From RDC,N/A - From RDC,,5-Jul-07,5-Jul-07,ARV,Adult,SCMS from RDC,SKU0026,"Efavirenz 600mg, tablets, 30 Tabs",Generic,30,61468,999469.68,16.26,0.54,"Aurobindo Unit III, India",See DN-199 (ID#:11391),See DN-199 (ID#:11391),1599.15
11732,Tanzania,PMO - US,From RDC,N/A - From RDC,Air,6-Jul-07,6-Jul-07,ARV,Adult,SCMS from RDC,SKU0026,"Efavirenz 600mg, tablets, 30 Tabs",Generic,30,28665,466092.9,16.26,0.54,"Aurobindo Unit III, India",2515,6834,
11733,Nigeria,PMO - US,From RDC,N/A - From RDC,,26-Jun-07,26-Jun-07,ARV,Adult,SCMS from RDC,SKU0099,"Lamivudine/Nevirapine/Stavudine 150/200/40mg, tablets, 60 Tabs",Generic,60,1370,10549,7.7,0.13,"Cipla, Goa, India",142,1489.52,
11735,Zimbabwe,PMO - US,From RDC,N/A - From RDC,,20-May-07,20-May-07,ARV,Adult,SCMS from RDC,SKU0014,"Zidovudine 300mg, tablets, 60 Tabs",Generic,60,470,4591.9,9.77,0.16,"Ranbaxy, Paonta Shahib, India",See DN-141 (ID#:10571),See DN-141 (ID#:10571),
11737,Angola,PMO - US,From RDC,N/A - From RDC,Truck,15-Oct-07,15-Oct-07,HRDT,HIV test,SCMS from RDC,SKU0009,"HIV 1/2, Uni-Gold HIV Kit, 20 Tests",Uni-Gold,20,150,4800,32,1.6,"Trinity Biotech, Plc",54,952.04,7.68
11738,Zimbabwe,PMO - US,From RDC,N/A - From RDC,Truck,17-Aug-07,17-Aug-07,ARV,Adult,SCMS from RDC,SKU0098,"Lamivudine/Stavudine 150/30mg, tablets, 30 Tabs",Generic,30,6400,12800,2,0.07,"Cipla, Goa, India",570,5348,20.48
11739,Zimbabwe,PMO - US,From RDC,N/A - From RDC,Truck,17-Aug-07,17-Aug-07,ARV,Adult,SCMS from RDC,SKU0098,"Lamivudine/Stavudine 150/30mg, tablets, 30 Tabs",Generic,30,1600,3200,2,0.07,"Cipla, Goa, India",See DN-269 (ID#:11738),See DN-269 (ID#:11738),5.12
11741,Tanzania,PMO - US,From RDC,N/A - From RDC,Air,22-Aug-07,22-Aug-07,ARV,Adult,SCMS from RDC,SKU0007,"Nevirapine 200mg, tablets, 60 Tabs",Generic,60,11807,42150.99,3.57,0.06,"Aurobindo Unit III, India",1802,3267,67.44
11742,Tanzania,PMO - US,From RDC,N/A - From RDC,Air,22-Aug-07,22-Aug-07,HRDT,HIV test,SCMS from RDC,SKU0009,"HIV 1/2, Uni-Gold HIV Kit, 20 Tests",Uni-Gold,20,100,3200,32,1.6,"Trinity Biotech, Plc",36,939.62,5.12
11743,Zambia,PMO - US,From RDC,N/A - From RDC,,7-Aug-07,7-Aug-07,ARV,Pediatric,SCMS from RDC,SKU0071,"Abacavir 20mg/ml, oral solution, Bottle, 240 ml",Generic,240,500,8250,16.5,0.07,"Aurobindo Unit III, India",178,1105.9,13.2
11744,Tanzania,PMO - US,From RDC,N/A - From RDC,Air,30-Jul-07,30-Jul-07,ARV,Adult,SCMS from RDC,SKU0011,"Lamivudine/Zidovudine 150/300mg, tablets, 60 Tabs",Generic,60,10977,117234.36,10.68,0.18,"Aurobindo Unit III, India",957,3243,187.57
11745,Zambia,PMO - US,From RDC,N/A - From RDC,,9-Jul-07,9-Jul-07,ARV,Adult,SCMS from RDC,SKU0053,"Emtricitabine/Tenofovir Disoproxil Fumarate 200/300mg [Truvada], tablets, 30 Tabs",Truvada,30,12000,315000,26.25,0.88,Gilead(Nycomed) Oranienburg DE,1005,4407.26,504
11747,Tanzania,PMO - US,From RDC,N/A - From RDC,Air,30-Jul-07,30-Jul-07,ARV,Adult,SCMS from RDC,SKU0008,"Lopinavir/Ritonavir 200/50mg [Aluvia], tablets, 120 Tabs",Aluvia,120,1155,47470.5,41.1,0.34,ABBVIE Ludwigshafen Germany,255,1388,75.95
11749,Tanzania,PMO - US,From RDC,N/A - From RDC,Air,18-Jul-07,18-Jul-07,HRDT,HIV test,SCMS from RDC,SKU0019,"HIV 1/2, Bioline 3.0 Kit, Lancets, Capillary pipets, Alcohol swabs included, 25 Tests",Bioline,25,6356,127120,20,0.8,"Standard Diagnostics, Korea",1879,9538.74,203.39
11750,Zambia,PMO - US,From RDC,N/A - From RDC,,27-Jul-07,27-Jul-07,HRDT,HIV test,SCMS from RDC,SKU0009,"HIV 1/2, Uni-Gold HIV Kit, 20 Tests",Uni-Gold,20,2453,78496,32,1.6,"Trinity Biotech, Plc",821,5234.8,125.59
11751,Mozambique,PMO - US,From RDC,N/A - From RDC,Air,15-Aug-07,15-Aug-07,ARV,Pediatric,SCMS from RDC,SKU0071,"Abacavir 20mg/ml, oral solution, Bottle, 240 ml",Generic,240,1306,28079,21.5,0.09,"Aurobindo Unit III, India",See DN-258 (ID#:11425),See DN-258 (ID#:11425),44.93
11753,Tanzania,PMO - US,From RDC,N/A - From RDC,,10-Sep-07,10-Sep-07,ARV,Adult,SCMS from RDC,SKU0011,"Lamivudine/Zidovudine 150/300mg, tablets, 60 Tabs",Generic,60,10000,106800,10.68,0.18,"Aurobindo Unit III, India",See DN-290 (ID#:10859),See DN-290 (ID#:10859),170.88
11754,Tanzania,PMO - US,From RDC,N/A - From RDC,,26-Sep-07,26-Sep-07,ARV,Adult,SCMS from RDC,SKU0058,"Abacavir 300mg, tablets, 60 Tabs",Generic,60,7661,274263.8,35.8,0.6,"Aurobindo Unit III, India",750,3901.78,438.82
11755,Mozambique,PMO - US,From RDC,N/A - From RDC,Air,21-Sep-07,21-Sep-07,ARV,Adult,SCMS from RDC,SKU0054,"Lamivudine/Nevirapine/Zidovudine 150/200/300mg, tablets, 60 Tabs",Generic,60,9838,172165,17.5,0.29,"Aurobindo Unit III, India",See DN-304 (ID#:10589),See DN-304 (ID#:10589),275.46
11756,Mozambique,PMO - US,From RDC,N/A - From RDC,Air,21-Sep-07,21-Sep-07,ARV,Pediatric,SCMS from RDC,SKU0049,"Efavirenz 50mg, capsule, 30 Caps",Generic,30,2414,8255.88,3.42,0.11,"Aurobindo Unit III, India",See DN-304 (ID#:10589),See DN-304 (ID#:10589),13.21
11757,Côte d'Ivoire,PMO - US,From RDC,N/A - From RDC,,24-Aug-07,24-Aug-07,ARV,Pediatric,SCMS from RDC,SKU0062,"Efavirenz 50mg [Stocrin/Sustiva], capsule, 30 Caps",Stocrin/Sustiva,30,485,1682.95,3.47,0.12,"MSD, Haarlem, NL",285,1786,2.69
11758,Côte d'Ivoire,PMO - US,From RDC,N/A - From RDC,,24-Aug-07,24-Aug-07,ARV,Pediatric,SCMS from RDC,SKU0062,"Efavirenz 50mg [Stocrin/Sustiva], capsule, 30 Caps",Stocrin/Sustiva,30,4515,15667.05,3.47,0.12,"MSD, Haarlem, NL",See DN-314 (ID#:11757),See DN-314 (ID#:11757),25.07
11761,Zimbabwe,PMO - US,From RDC,N/A - From RDC,Truck,24-Aug-07,24-Aug-07,HRDT,HIV test,SCMS from RDC,SKU0002,"HIV 1/2, Determine Complete HIV Kit, 100 Tests",Determine,100,1500,120000,80,0.8,ABBVIE GmbH & Co.KG Wiesbaden,343,1645.12,192
11762,Zimbabwe,PMO - US,From RDC,N/A - From RDC,Truck,28-Aug-07,28-Aug-07,ARV,Adult,SCMS from RDC,SKU0044,"Lamivudine/Nevirapine/Stavudine 150/200/30mg, tablets, 60 Tabs",Generic,60,125000,925000,7.4,0.12,"Cipla, Goa, India",12779,41772.09,1480
11764,Zimbabwe,PMO - US,From RDC,N/A - From RDC,,28-Aug-07,28-Aug-07,ARV,Adult,SCMS from RDC,SKU0007,"Nevirapine 200mg, tablets, 60 Tabs",Generic,60,1629,5978.43,3.67,0.06,"Aurobindo Unit III, India",152,912.45,9.57
11765,Zambia,PMO - US,From RDC,N/A - From RDC,Air,29-Aug-07,29-Aug-07,ARV,Adult,SCMS from RDC,SKU0059,"Stavudine 20mg, capsules, 60 Caps",Generic,60,1119,1958.25,1.75,0.03,"Aurobindo Unit III, India",1581,5663,3.13
11766,Côte d'Ivoire,PMO - US,From RDC,N/A - From RDC,,30-Aug-07,30-Aug-07,ARV,Pediatric,SCMS from RDC,SKU0048,"Lamivudine 10mg/ml, oral solution, Bottle, 240 ml",Generic,240,2523,4970.31,1.97,0.01,"Cipla, Goa, India",See DN-320 (ID#:10593),See DN-320 (ID#:10593),7.95
11767,Côte d'Ivoire,PMO - US,From RDC,N/A - From RDC,,30-Aug-07,30-Aug-07,ARV,Adult,SCMS from RDC,SKU0014,"Zidovudine 300mg, tablets, 60 Tabs",Generic,60,7586,61825.9,8.15,0.14,"Aurobindo Unit III, India",See DN-320 (ID#:10593),See DN-320 (ID#:10593),98.92
11769,Namibia,PMO - US,From RDC,N/A - From RDC,Air,21-Sep-07,21-Sep-07,HRDT,HIV test,SCMS from RDC,SKU0002,"HIV 1/2, Determine Complete HIV Kit, 100 Tests",Determine,100,170,13600,80,0.8,ABBVIE GmbH & Co.KG Wiesbaden,39,541.42,21.76
11780,Côte d'Ivoire,PMO - US,From RDC,N/A - From RDC,,31-Aug-07,31-Aug-07,ARV,Pediatric,SCMS from RDC,SKU0001,"Nevirapine 10mg/ml, oral suspension, Bottle, 240 ml",Generic,240,2938,5640.96,1.92,0.01,"Aurobindo Unit III, India",See DN-324 (ID#:10610),See DN-324 (ID#:10610),9.03
11787,Zimbabwe,PMO - US,From RDC,N/A - From RDC,Truck,20-Sep-07,20-Sep-07,ARV,Adult,SCMS from RDC,SKU0026,"Efavirenz 600mg, tablets, 30 Tabs",Generic,30,1860,23101.2,12.42,0.41,"Cipla, Goa, India",3951,13788.25,36.96
11792,Côte d'Ivoire,PMO - US,From RDC,N/A - From RDC,Air,15-Oct-07,15-Oct-07,ARV,Adult,SCMS from RDC,SKU0052,"Ritonavir 100mg [Norvir], capsules, cool, 4 x 84 Caps",Norvir,336,1455,55813.8,38.36,0.11,ABBVIE (Abbott) France,See DN-379 (ID#:10890),See DN-379 (ID#:10890),89.3
11798,Zambia,PMO - US,From RDC,N/A - From RDC,,29-Oct-07,29-Oct-07,ARV,Adult,SCMS from RDC,SKU0058,"Abacavir 300mg, tablets, 60 Tabs",Generic,60,2489,68522.17,27.53,0.46,"Cipla, Patalganga, India",See DN-384 (ID#:10901),See DN-384 (ID#:10901),109.64
11799,Zambia,PMO - US,From RDC,N/A - From RDC,,29-Oct-07,29-Oct-07,ARV,Adult,SCMS from RDC,SKU0011,"Lamivudine/Zidovudine 150/300mg, tablets, 60 Tabs",Generic,60,60060,372372,6.2,0.1,"Aurobindo Unit III, India",See DN-384 (ID#:10901),See DN-384 (ID#:10901),595.8
11801,Tanzania,PMO - US,From RDC,N/A - From RDC,Air,4-Dec-07,4-Dec-07,HRDT,HIV test,SCMS from RDC,SKU0019,"HIV 1/2, Bioline 3.0 Kit, Lancets, Capillary pipets, Alcohol swabs included, 25 Tests",Bioline,25,9200,184000,20,0.8,"Standard Diagnostics, Korea",3327,13606.4,294.4
11802,Côte d'Ivoire,PMO - US,From RDC,N/A - From RDC,Air,22-Nov-07,22-Nov-07,ARV,Pediatric,SCMS from RDC,SKU0005,"Zidovudine 10mg/ml, oral solution, Bottle, 240 ml",Generic,240,6777,14570.55,2.15,0.01,"Aurobindo Unit III, India",2510,23907.05,23.31
11803,Côte d'Ivoire,PMO - US,From RDC,N/A - From RDC,Air,14-Dec-07,14-Dec-07,ARV,Adult,SCMS from RDC,SKU0021,"Tenofovir Disoproxil Fumarate 300mg [Viread], tablets, 30 Tabs",Viread,30,2989,50813,17,0.57,Gilead(Nycomed) Oranienburg DE,186,2056.98,81.3
11804,Zambia,PMO - US,From RDC,N/A - From RDC,Air,13-Nov-07,13-Nov-07,ARV,Adult,SCMS from RDC,SKU0008,"Lopinavir/Ritonavir 200/50mg [Aluvia], tablets, 120 Tabs",Aluvia,120,12240,503064,41.1,0.34,ABBVIE (Abbott) Logis. UK,2678,9008.48,804.9
11805,Mozambique,PMO - US,From RDC,N/A - From RDC,Air,29-Nov-07,29-Nov-07,ARV,Adult,SCMS from RDC,SKU0094,"Indinavir 400mg [Crixivan], capsules, 180 Caps",Crixivan,180,840,42000,50,0.28,"MSD, Haarlem, NL",See DN-426 (ID#:10633),See DN-426 (ID#:10633),67.2
11994,Zambia,PMO - US,From RDC,N/A - From RDC,Truck,4-Sep-09,4-Sep-09,ARV,Adult,SCMS from RDC,SKU0026,"Efavirenz 600mg, tablets, 30 Tabs",Generic,30,12740,140140,11,0.37,Hetero Unit III Hyderabad IN,987,2448.71,274.67
11806,Mozambique,PMO - US,From RDC,N/A - From RDC,Air,29-Nov-07,29-Nov-07,ARV,Adult,SCMS from RDC,SKU0044,"Lamivudine/Nevirapine/Stavudine 150/200/30mg, tablets, 60 Tabs",Generic,60,30000,222000,7.4,0.12,"Cipla, Goa, India",See DN-426 (ID#:10633),See DN-426 (ID#:10633),355.2
11807,Zambia,PMO - US,From RDC,N/A - From RDC,Air,12-Nov-07,12-Nov-07,ARV,Pediatric,SCMS from RDC,SKU0048,"Lamivudine 10mg/ml, oral solution, Bottle, 240 ml",Generic,240,13124,25854.28,1.97,0.01,"Aurobindo Unit III, India",5309,17358.74,41.37
11808,Nigeria,PMO - US,From RDC,N/A - From RDC,Air,9-Nov-07,9-Nov-07,ARV,Pediatric,SCMS from RDC,SKU0001,"Nevirapine 10mg/ml, oral suspension, Bottle, 240 ml",Generic,240,35,217,6.2,0.03,"Aurobindo Unit III, India",See DN-422 (ID#:10634),See DN-422 (ID#:10634),0.35
11810,Zimbabwe,PMO - US,From RDC,N/A - From RDC,Air,16-Nov-07,16-Nov-07,ARV,Adult,SCMS from RDC,SKU0044,"Lamivudine/Nevirapine/Stavudine 150/200/30mg, tablets, 60 Tabs",Generic,60,22240,164576,7.4,0.12,"Cipla, Goa, India",2262,7364.52,263.32
11811,Côte d'Ivoire,PMO - US,From RDC,N/A - From RDC,Air,22-Nov-07,22-Nov-07,ARV,Adult,SCMS from RDC,SKU0014,"Zidovudine 300mg, tablets, 60 Tabs",Generic,60,14490,118093.5,8.15,0.14,"Aurobindo Unit III, India",See DN-434 (ID#:11483),See DN-434 (ID#:11483),188.95
11812,Côte d'Ivoire,PMO - US,From RDC,N/A - From RDC,Air,22-Nov-07,22-Nov-07,ARV,Pediatric,SCMS from RDC,SKU0048,"Lamivudine 10mg/ml, oral solution, Bottle, 240 ml",Generic,240,6000,11820,1.97,0.01,"Aurobindo Unit III, India",See DN-434 (ID#:11483),See DN-434 (ID#:11483),18.91
11813,Côte d'Ivoire,PMO - US,From RDC,N/A - From RDC,Air,22-Nov-07,22-Nov-07,ARV,Adult,SCMS from RDC,SKU0003,"Lamivudine 150mg, tablets, 60 Tabs",Generic,60,20797,63222.88,3.04,0.05,"Aurobindo Unit III, India",See DN-434 (ID#:11483),See DN-434 (ID#:11483),101.16
11814,Haiti,PMO - US,From RDC,N/A - From RDC,Air,5-Dec-07,5-Dec-07,ARV,Adult,SCMS from RDC,SKU0008,"Lopinavir/Ritonavir 200/50mg [Aluvia], tablets, 120 Tabs",Aluvia,120,100,4110,41.1,0.34,ABBVIE Ludwigshafen Germany,285,2523.6,6.58
11815,Côte d'Ivoire,PMO - US,From RDC,N/A - From RDC,Air,16-Nov-07,16-Nov-07,HRDT,HIV test,SCMS from RDC,SKU0100,"HIV 2, New LAV Blot 2 HIV Kit, 18 Tests",LAV,18,12,3698.04,308.17,17.12,Bio-Rad Laboratories,39,1278,5.92
11817,Côte d'Ivoire,PMO - US,From RDC,N/A - From RDC,Air,25-Jan-08,25-Jan-08,HRDT,HIV test,SCMS from RDC,SKU0017,"HIV 1/2, Determine HIV Kit, without Lancets, 100 Tests",Determine,100,1250,89987.5,71.99,0.72,Inverness Japan,296,2372.8,143.98
11818,Zambia,PMO - US,From RDC,N/A - From RDC,,22-Feb-08,22-Feb-08,ARV,Adult,SCMS from RDC,SKU0011,"Lamivudine/Zidovudine 150/300mg, tablets, 60 Tabs",Generic,60,92144,875368,9.5,0.16,"Aurobindo Unit III, India",See DN-482 (ID#:11496),See DN-482 (ID#:11496),1400.59
11821,Rwanda,PMO - US,From RDC,N/A - From RDC,Air,5-Dec-07,5-Dec-07,HRDT,HIV test - Ancillary,SCMS from RDC,SKU0022,"HIV, Lancet, Safety, for HIV Test kits, 100 Pcs",Generic,100,405,4.05,0.01,0,Inverness Japan,See DN-500 (ID#:11213),See DN-500 (ID#:11213),0.01
11824,Ethiopia,PMO - US,From RDC,N/A - From RDC,,20-Dec-07,20-Dec-07,ARV,Pediatric,SCMS from RDC,SKU0001,"Nevirapine 10mg/ml, oral suspension, Bottle, 240 ml",Generic,240,11168,69241.6,6.2,0.03,"Aurobindo Unit III, India",4583,14554.5,110.79
11825,Zambia,PMO - US,From RDC,N/A - From RDC,,2-Jan-08,2-Jan-08,ARV,Pediatric,SCMS from RDC,SKU0066,"Efavirenz 200mg, capsule, 90 Caps",Generic,90,672,10752,16,0.18,"Aurobindo Unit III, India",128,845,17.2
11826,Nigeria,PMO - US,From RDC,N/A - From RDC,Air,17-Dec-07,17-Dec-07,ARV,Pediatric,SCMS from RDC,SKU0066,"Efavirenz 200mg, capsule, 90 Caps",Generic,90,400,6400,16,0.18,"Aurobindo Unit III, India",48,1260.1,10.24
11827,Nigeria,PMO - US,From RDC,N/A - From RDC,Air,9-Jan-08,9-Jan-08,ARV,Adult,SCMS from RDC,SKU0007,"Nevirapine 200mg, tablets, 60 Tabs",Generic,60,125,425,3.4,0.06,"Aurobindo Unit III, India",See DN-535 (ID#:10658),See DN-535 (ID#:10658),0.68
11830,Ethiopia,PMO - US,From RDC,N/A - From RDC,Air,20-Dec-07,20-Dec-07,ARV,Pediatric,SCMS from RDC,SKU0005,"Zidovudine 10mg/ml, oral solution, Bottle, 240 ml",Generic,240,3286,7064.9,2.15,0.01,"Aurobindo Unit III, India",1215,8586,11.3
11832,Zimbabwe,PMO - US,From RDC,N/A - From RDC,Air,14-Jan-08,14-Jan-08,ARV,Adult,SCMS from RDC,SKU0044,"Lamivudine/Nevirapine/Stavudine 150/200/30mg, tablets, 60 Tabs",Generic,60,34732,257016.8,7.4,0.12,"Cipla, Goa, India",See DN-488 (ID#:10652),See DN-488 (ID#:10652),411.23
11833,Uganda,PMO - US,From RDC,N/A - From RDC,Air,15-Jan-08,15-Jan-08,ARV,Adult,SCMS from RDC,SKU0008,"Lopinavir/Ritonavir 200/50mg [Aluvia], tablets, 120 Tabs",Aluvia,120,180,7398,41.1,0.34,ABBVIE Ludwigshafen Germany,See DN-489 (ID#:11516),See DN-489 (ID#:11516),11.84
11834,Rwanda,PMO - US,From RDC,N/A - From RDC,Air,31-Jan-08,31-Jan-08,ARV,Adult,SCMS from RDC,SKU0026,"Efavirenz 600mg, tablets, 30 Tabs",Generic,30,37258,462744.36,12.42,0.41,"Aurobindo Unit III, India",3195,36417.89,740.39
11837,Nigeria,PMO - US,From RDC,N/A - From RDC,Air,9-Jan-08,9-Jan-08,ARV,Adult,SCMS from RDC,SKU0026,"Efavirenz 600mg, tablets, 30 Tabs",Generic,30,818,10159.56,12.42,0.41,"Aurobindo Unit III, India",See DN-535 (ID#:10658),See DN-535 (ID#:10658),16.26
11839,Côte d'Ivoire,PMO - US,From RDC,N/A - From RDC,Air,29-Jan-08,29-Jan-08,ARV,Adult,SCMS from RDC,SKU0044,"Lamivudine/Nevirapine/Stavudine 150/200/30mg, tablets, 60 Tabs",Generic,60,22500,166500,7.4,0.12,"Cipla, Goa, India",See DN-569 (ID#:11224),See DN-569 (ID#:11224),266.4
11840,Rwanda,PMO - US,From RDC,N/A - From RDC,Air,28-Jan-08,28-Jan-08,HRDT,HIV test,SCMS from RDC,SKU0017,"HIV 1/2, Determine HIV Kit, without Lancets, 100 Tests",Determine,100,1250,89987.5,71.99,0.72,Inverness Japan,362,8143.19,143.98
11841,Zambia,PMO - US,From RDC,N/A - From RDC,,21-Jan-08,26-Nov-07,ARV,Adult,SCMS from RDC,SKU0026,"Efavirenz 600mg, tablets, 30 Tabs",Generic,30,44135,548156.7,12.42,0.41,"Aurobindo Unit III, India",4082,17600.24,877.05
11842,Côte d'Ivoire,PMO - US,From RDC,N/A - From RDC,Air,15-Jan-08,15-Jan-08,ARV,Pediatric,SCMS from RDC,SKU0001,"Nevirapine 10mg/ml, oral suspension, Bottle, 240 ml",Generic,240,965,1852.8,1.92,0.01,"Aurobindo Unit III, India",344,1729,2.96
11843,Côte d'Ivoire,PMO - US,From RDC,N/A - From RDC,Air,28-Dec-07,15-Jan-08,ARV,Pediatric,SCMS from RDC,SKU0001,"Nevirapine 10mg/ml, oral suspension, Bottle, 240 ml",Generic,240,5581,10715.52,1.92,0.01,"Aurobindo Unit III, India",1988,6146,17.14
11845,Ethiopia,PMO - US,From RDC,N/A - From RDC,Air,1-Feb-08,1-Feb-08,ARV,Adult,SCMS from RDC,SKU0003,"Lamivudine 150mg, tablets, 60 Tabs",Generic,60,48671,147959.84,3.04,0.05,"Ranbaxy, Paonta Shahib, India",2533,9187.8,236.74
11846,Uganda,PMO - US,From RDC,N/A - From RDC,Air,11-Mar-08,11-Mar-08,ARV,Adult,SCMS from RDC,SKU0026,"Efavirenz 600mg, tablets, 30 Tabs",Generic,30,3364,41780.88,12.42,0.41,"Aurobindo Unit III, India",369,1902.9,66.85
11847,Uganda,PMO - US,From RDC,N/A - From RDC,Air,11-Mar-08,11-Mar-08,ARV,Adult,SCMS from RDC,SKU0053,"Emtricitabine/Tenofovir Disoproxil Fumarate 200/300mg [Truvada], tablets, 30 Tabs",Truvada,30,656,17220,26.25,0.88,Gilead(Nycomed) Oranienburg DE,See DN-550 (ID#:11846),See DN-550 (ID#:11846),27.55
11850,Ethiopia,PMO - US,From RDC,N/A - From RDC,Air,29-Jan-08,29-Jan-08,ARV,Adult,SCMS from RDC,SKU0007,"Nevirapine 200mg, tablets, 60 Tabs",Generic,60,55560,188904,3.4,0.06,"Aurobindo Unit III, India",5181,17975.21,302.25
11851,Tanzania,PMO - US,From RDC,N/A - From RDC,Air,25-Feb-08,25-Feb-08,ARV,Adult,SCMS from RDC,SKU0008,"Lopinavir/Ritonavir 200/50mg [Aluvia], tablets, 120 Tabs",Aluvia,120,2580,106038,41.1,0.34,ABBVIE (Abbott) Logis. UK,See DN-559 (ID#:10940),See DN-559 (ID#:10940),169.66
11852,Côte d'Ivoire,PMO - US,From RDC,N/A - From RDC,Air,5-Feb-08,5-Feb-08,ARV,Pediatric,SCMS from RDC,SKU0001,"Nevirapine 10mg/ml, oral suspension, Bottle, 240 ml",Generic,240,2712,5207.04,1.92,0.01,"Aurobindo Unit III, India",See DN-581 (ID#:10667),See DN-581 (ID#:10667),8.33
11854,Zambia,PMO - US,From RDC,N/A - From RDC,Truck,28-Dec-07,28-Dec-07,ARV,Pediatric,SCMS from RDC,SKU0042,"Lopinavir/Ritonavir 80/20mg/ml [Kaletra], oral solution, cool, Bottle 5 x 60 ml",Kaletra,300,746,30660.6,41.1,0.14,ABBVIE (Abbott) Logis. UK,Weight Captured Separately,Invoiced Separately,49.06
11855,Zimbabwe,PMO - US,From RDC,N/A - From RDC,Air,5-Mar-08,5-Mar-08,ARV,Adult,SCMS from RDC,SKU0098,"Lamivudine/Stavudine 150/30mg, tablets, 30 Tabs",Generic,30,1600,3200,2,0.07,"Cipla, Goa, India",See DN-604 (ID#:11527),See DN-604 (ID#:11527),5.12
11856,Zimbabwe,PMO - US,From RDC,N/A - From RDC,Air,5-Mar-08,5-Mar-08,ARV,Adult,SCMS from RDC,SKU0044,"Lamivudine/Nevirapine/Stavudine 150/200/30mg, tablets, 60 Tabs",Generic,60,37240,275576,7.4,0.12,"Cipla, Goa, India",See DN-604 (ID#:11527),See DN-604 (ID#:11527),440.92
11857,Haiti,PMO - US,From RDC,N/A - From RDC,Air,31-Mar-08,31-Mar-08,ARV,Pediatric,SCMS from RDC,SKU0005,"Zidovudine 10mg/ml, oral solution, Bottle, 240 ml",Generic,240,3264,7017.6,2.15,0.01,"Aurobindo Unit III, India",See DN-685 (ID#:11234),See DN-685 (ID#:11234),11.23
11858,Nigeria,PMO - US,From RDC,N/A - From RDC,Air,18-Apr-08,18-Apr-08,ARV,Adult,SCMS from RDC,SKU0021,"Tenofovir Disoproxil Fumarate 300mg [Viread], tablets, 30 Tabs",Viread,30,109,1853,17,0.57,Gilead(Nycomed) Oranienburg DE,422,2812.3,2.96
11859,Zambia,PMO - US,From RDC,N/A - From RDC,Truck,23-Jul-08,23-Jul-08,ARV,Adult,SCMS from RDC,SKU0044,"Lamivudine/Nevirapine/Stavudine 150/200/30mg, tablets, 60 Tabs",Generic,60,50000,360000,7.2,0.12,"Strides, Bangalore, India.",See DN-823 (ID#:11271),See DN-823 (ID#:11271),576
11860,Haiti,PMO - US,From RDC,N/A - From RDC,Air,18-Jun-08,18-Jun-08,ARV,Adult,SCMS from RDC,SKU0008,"Lopinavir/Ritonavir 200/50mg [Aluvia], tablets, 120 Tabs",Aluvia,120,240,9864,41.1,0.34,ABBVIE Ludwigshafen Germany,52,1422.32,15.78
11861,Nigeria,PMO - US,From RDC,N/A - From RDC,Air,14-May-08,14-May-08,ARV,Adult,SCMS from RDC,SKU0014,"Zidovudine 300mg, tablets, 60 Tabs",Generic,60,3075,24600,8,0.13,"Aurobindo Unit III, India",See DN-737 (ID#:11533),See DN-737 (ID#:11533),39.36
11862,Nigeria,PMO - US,From RDC,N/A - From RDC,Air,14-May-08,14-May-08,ARV,Adult,SCMS from RDC,SKU0053,"Emtricitabine/Tenofovir Disoproxil Fumarate 200/300mg [Truvada], tablets, 30 Tabs",Truvada,30,3359,88173.75,26.25,0.88,"Aspen-OSD, Port Elizabeth, SA",300,2204,141.08
11863,Nigeria,PMO - US,From RDC,N/A - From RDC,Air,20-May-08,20-May-08,ARV,Adult,SCMS from RDC,SKU0053,"Emtricitabine/Tenofovir Disoproxil Fumarate 200/300mg [Truvada], tablets, 30 Tabs",Truvada,30,641,16826.25,26.25,0.88,"Aspen-OSD, Port Elizabeth, SA",58,1110.5,26.92
11864,Zambia,PMO - US,From RDC,N/A - From RDC,Air,29-May-08,29-May-08,ARV,Adult,SCMS from RDC,SKU0007,"Nevirapine 200mg, tablets, 60 Tabs",Generic,60,50000,170000,3.4,0.06,"Aurobindo Unit III, India",4733,6002.19,272
11865,Nigeria,PMO - US,From RDC,N/A - From RDC,Air,27-May-08,27-May-08,ARV,Adult,SCMS from RDC,SKU0054,"Lamivudine/Nevirapine/Zidovudine 150/200/300mg, tablets, 60 Tabs",Generic,60,16610,220580.8,13.28,0.22,"Aurobindo Unit III, India",1832,11815.12,352.93
11866,Zimbabwe,PMO - US,From RDC,N/A - From RDC,Air,11-Jun-08,11-Jun-08,ARV,Adult,SCMS from RDC,SKU0044,"Lamivudine/Nevirapine/Stavudine 150/200/30mg, tablets, 60 Tabs",Generic,60,37240,275576,7.4,0.12,"Cipla, Goa, India",7806,45047.32,440.92
11867,Côte d'Ivoire,PMO - US,From RDC,N/A - From RDC,Air,2-Jun-08,2-Jun-08,ARV,Pediatric,SCMS from RDC,SKU0048,"Lamivudine 10mg/ml, oral solution, Bottle, 240 ml",Generic,240,7700,15169,1.97,0.01,"Aurobindo Unit III, India",See DN-761 (ID#:10951),See DN-761 (ID#:10951),24.27
11868,Zambia,PMO - US,From RDC,N/A - From RDC,Truck,17-Jun-08,17-Jun-08,ARV,Adult,SCMS from RDC,SKU0007,"Nevirapine 200mg, tablets, 60 Tabs",Generic,60,55560,188904,3.4,0.06,Hetero Unit III Hyderabad IN,3224,4217.45,302.25
11869,Mozambique,PMO - US,From RDC,N/A - From RDC,Air,31-Mar-08,31-Mar-08,ARV,Adult,SCMS from RDC,SKU0056,"Ritonavir 100mg [Norvir], capsules, cool, 84 Caps",Norvir,84,630,6041.7,9.59,0.11,ABBVIE (Abbott) Logis. UK,185,1214.2,9.67
11870,Guyana,PMO - US,From RDC,N/A - From RDC,,21-Feb-08,21-Feb-08,HRDT,HIV test,SCMS from RDC,SKU0017,"HIV 1/2, Determine HIV Kit, without Lancets, 100 Tests",Determine,100,152,10942.48,71.99,0.72,Inverness Japan,See DN-617 (ID#:11236),See DN-617 (ID#:11236),17.51
11873,Côte d'Ivoire,PMO - US,From RDC,N/A - From RDC,Air,27-Mar-08,27-Mar-08,ARV,Pediatric,SCMS from RDC,SKU0001,"Nevirapine 10mg/ml, oral suspension, Bottle, 240 ml",Generic,240,3008,5775.36,1.92,0.01,"Aurobindo Unit III, India",See DN-673 (ID#:10682),See DN-673 (ID#:10682),9.24
11874,Côte d'Ivoire,PMO - US,From RDC,N/A - From RDC,,27-Mar-08,27-Mar-08,HRDT,HIV test,SCMS from RDC,SKU0025,"#108853** HIV, Genie II HIV-1/HIV-2 Kit, 40 Tests",Genie,40,415,31540,76,1.9,Bio-Rad Laboratories,453,1606.93,50.46
11875,Nigeria,PMO - US,From RDC,N/A - From RDC,Air,19-Jun-08,19-Jun-08,ARV,Adult,SCMS from RDC,SKU0044,"Lamivudine/Nevirapine/Stavudine 150/200/30mg, tablets, 60 Tabs",Generic,60,9180,67932,7.4,0.12,"Cipla, Goa, India",See DN-800 (ID#:10953),See DN-800 (ID#:10953),108.69
11876,Haiti,PMO - US,From RDC,N/A - From RDC,Air,2-Jun-08,2-Jun-08,ARV,Adult,SCMS from RDC,SKU0041,"Stavudine 15mg, capsules, 60 Caps",Generic,60,127,190.5,1.5,0.02,"Aurobindo Unit III, India",See DN-744 (ID#:10684),See DN-744 (ID#:10684),0.3
11877,Nigeria,PMO - US,From RDC,N/A - From RDC,Air,27-Jun-08,27-Jun-08,ARV,Adult,SCMS from RDC,SKU0026,"Efavirenz 600mg, tablets, 30 Tabs",Generic,30,25000,300250,12.01,0.4,"Aurobindo Unit III, India",2173,9906.63,480.4
11878,Zambia,PMO - US,From RDC,N/A - From RDC,,28-Mar-08,28-Mar-08,ARV,Adult,SCMS from RDC,SKU0011,"Lamivudine/Zidovudine 150/300mg, tablets, 60 Tabs",Generic,60,50000,472500,9.45,0.16,"Aurobindo Unit III, India",See DN-625 (ID#:10956),See DN-625 (ID#:10956),756
11879,Nigeria,PMO - US,From RDC,N/A - From RDC,Air,16-Jul-08,16-Jul-08,ARV,Adult,SCMS from RDC,SKU0014,"Zidovudine 300mg, tablets, 60 Tabs",Generic,60,5641,45974.15,8.15,0.14,"Aurobindo Unit III, India",See DN-834 (ID#:10686),See DN-834 (ID#:10686),73.56
11880,Haiti,PMO - US,From RDC,N/A - From RDC,Air,26-May-08,26-May-08,ARV,Adult,SCMS from RDC,SKU0011,"Lamivudine/Zidovudine 150/300mg, tablets, 60 Tabs",Generic,60,28896,273067.2,9.45,0.16,"Aurobindo Unit III, India",See DN-733 (ID#:10688),See DN-733 (ID#:10688),436.91
11881,Côte d'Ivoire,PMO - US,From RDC,N/A - From RDC,Air,2-Jun-08,2-Jun-08,ARV,Pediatric,SCMS from RDC,SKU0076,"Stavudine 1mg/ml, powder for oral solution, 200 ml",Generic,200,3229,4520.6,1.4,0.01,"Aurobindo Unit III, India",See DN-734 (ID#:10689),See DN-734 (ID#:10689),7.23
11882,Zimbabwe,PMO - US,From RDC,N/A - From RDC,Air,9-Jun-08,9-Jun-08,ARV,Adult,SCMS from RDC,SKU0026,"Efavirenz 600mg, tablets, 30 Tabs",Generic,30,1860,23101.2,12.42,0.41,"Aurobindo Unit III, India",See DN-770 (ID#:10959),See DN-770 (ID#:10959),36.96
11883,Tanzania,PMO - US,From RDC,N/A - From RDC,Air,23-Apr-08,23-Apr-08,ARV,Pediatric,SCMS from RDC,SKU0082,"Didanosine 100mg, chewable/dispersible tablets, 60 Tabs",Generic,60,11640,90210,7.75,0.13,"Aurobindo Unit III, India",2427,8381.22,144.34
11884,Côte d'Ivoire,PMO - US,From RDC,N/A - From RDC,Air,8-Apr-08,8-Apr-08,ARV,Pediatric,SCMS from RDC,SKU0102,"Efavirenz 30mg/ml [Stocrin/Sustiva], oral solution, Bottle, 180 ml",Stocrin/Sustiva,180,1503,25490.88,16.96,0.09,"MSD, Haarlem, NL",608,1996.68,40.79
11887,Uganda,PMO - US,From RDC,N/A - From RDC,Air,11-Jul-08,11-Jul-08,ARV,Adult,SCMS from RDC,SKU0014,"Zidovudine 300mg, tablets, 60 Tabs",Generic,60,46,368,8,0.13,"Aurobindo Unit III, India",See DN-797 (ID#:10966),See DN-797 (ID#:10966),0.59
11888,Haiti,PMO - US,From RDC,N/A - From RDC,Air,4-Mar-08,4-Mar-08,ARV,Adult,SCMS from RDC,SKU0003,"Lamivudine 150mg, tablets, 60 Tabs",Generic,60,2871,8727.84,3.04,0.05,"Aurobindo Unit III, India",144,2504.44,13.96
11890,Côte d'Ivoire,PMO - US,From RDC,N/A - From RDC,Air,17-Apr-08,17-Apr-08,ARV,Adult,SCMS from RDC,SKU0027,"Saquinavir 200mg [Invirase], capsules, 270 Caps",Invirase,270,977,76831.28,78.64,0.29,Roche Basel,490,1765.4,122.93
11995,Zambia,PMO - US,From RDC,N/A - From RDC,Truck,4-Sep-09,4-Sep-09,ARV,Adult,SCMS from RDC,SKU0026,"Efavirenz 600mg, tablets, 30 Tabs",Generic,30,120000,960000,8,0.27,Mylan (formerly Matrix) Nashik,9022,4506.18,1881.6
11891,Mozambique,PMO - US,From RDC,N/A - From RDC,Air,23-Jun-08,23-Jun-08,ARV,Adult,SCMS from RDC,SKU0054,"Lamivudine/Nevirapine/Zidovudine 150/200/300mg, tablets, 60 Tabs",Generic,60,19000,256500,13.5,0.22,"Aurobindo Unit III, India",See DN-698 (ID#:10970),See DN-698 (ID#:10970),410.4
11892,Tanzania,PMO - US,From RDC,N/A - From RDC,Air,23-Apr-08,23-Apr-08,ARV,Adult,SCMS from RDC,SKU0026,"Efavirenz 600mg, tablets, 30 Tabs",Generic,30,18451,229161.42,12.42,0.41,"Aurobindo Unit III, India",1636,6195.24,366.66
11893,Ethiopia,PMO - US,From RDC,N/A - From RDC,Air,21-Mar-08,21-Mar-08,ARV,Adult,SCMS from RDC,SKU0007,"Nevirapine 200mg, tablets, 60 Tabs",Generic,60,100731,342485.4,3.4,0.06,"Ranbaxy, Paonta Shahib, India",See DN-634 (ID#:10972),See DN-634 (ID#:10972),547.98
11894,Zimbabwe,PMO - US,From RDC,N/A - From RDC,Truck,12-Mar-08,12-Mar-08,ARV,Adult,SCMS from RDC,SKU0014,"Zidovudine 300mg, tablets, 60 Tabs",Generic,60,525,4278.75,8.15,0.14,"Aurobindo Unit III, India",395,1746.3,6.85
11895,Nigeria,PMO - US,From RDC,N/A - From RDC,Air,9-May-08,9-May-08,ARV,Adult,SCMS from RDC,SKU0026,"Efavirenz 600mg, tablets, 30 Tabs",Generic,30,1031,12382.31,12.01,0.4,"Aurobindo Unit III, India",236,1651.16,19.81
11897,Namibia,PMO - US,From RDC,N/A - From RDC,Air,17-Apr-08,17-Apr-08,HRDT,HIV test,SCMS from RDC,SKU0017,"HIV 1/2, Determine HIV Kit, without Lancets, 100 Tests",Determine,100,90,6479.1,71.99,0.72,Inverness Japan,21,1730.41,10.37
11899,Haiti,PMO - US,From RDC,N/A - From RDC,Air,14-Apr-08,14-Apr-08,ARV,Pediatric,SCMS from RDC,SKU0048,"Lamivudine 10mg/ml, oral solution, Bottle, 240 ml",Generic,240,2135,4205.95,1.97,0.01,"Aurobindo Unit III, India",See DN-690 (ID#:10706),See DN-690 (ID#:10706),6.73
11900,Kenya,PMO - US,From RDC,N/A - From RDC,Truck,8-Apr-08,8-Apr-08,HRDT,HIV test,SCMS from RDC,SKU0019,"HIV 1/2, Bioline 3.0 Kit, Lancets, Capillary pipets, Alcohol swabs included, 25 Tests",Bioline,25,2688,53760,20,0.8,"Standard Diagnostics, Korea",965,838.83,86.02
11902,Nigeria,PMO - US,From RDC,N/A - From RDC,Truck,3-Jun-08,3-Jun-08,ARV,Pediatric,SCMS from RDC,SKU0048,"Lamivudine 10mg/ml, oral solution, Bottle, 240 ml",Generic,240,1000,1920,1.92,0.01,"Aurobindo Unit III, India",346,1988.9,3.07
11903,Haiti,PMO - US,From RDC,N/A - From RDC,Air,9-Sep-08,9-Sep-08,ARV,Pediatric,SCMS from RDC,SKU0005,"Zidovudine 10mg/ml, oral solution, Bottle, 240 ml",Generic,240,1440,3024,2.1,0.01,"Aurobindo Unit III, India",538,7100.67,4.84
11904,Haiti,PMO - US,From RDC,N/A - From RDC,Air,20-Oct-08,20-Oct-08,ARV,Adult,SCMS from RDC,SKU0026,"Efavirenz 600mg, tablets, 30 Tabs",Generic,30,27070,297770,11,0.37,"Aurobindo Unit III, India",See DN-946 (ID#:10983),See DN-946 (ID#:10983),476.43
11905,Zimbabwe,PMO - US,From RDC,N/A - From RDC,Truck,19-Nov-08,19-Nov-08,ARV,Adult,SCMS from RDC,SKU0044,"Lamivudine/Nevirapine/Stavudine 150/200/30mg, tablets, 60 Tabs",Generic,60,76000,562400,7.4,0.12,"Cipla, Goa, India",See DN-1015 (ID#:11561),See DN-1015 (ID#:11561),1102.3
11906,Uganda,PMO - US,From RDC,N/A - From RDC,Truck,15-Dec-08,15-Dec-08,ARV,Adult,SCMS from RDC,SKU0026,"Efavirenz 600mg, tablets, 30 Tabs",Generic,30,5147,56617,11,0.37,"Aurobindo Unit III, India",See DN-998 (ID#:11568),See DN-998 (ID#:11568),110.97
11907,Haiti,PMO - US,From RDC,N/A - From RDC,Air,7-Aug-08,7-Aug-08,ARV,Pediatric,SCMS from RDC,SKU0102,"Efavirenz 30mg/ml [Stocrin/Sustiva], oral solution, Bottle, 180 ml",Stocrin/Sustiva,180,150,2544,16.96,0.09,"MSD, Haarlem, NL",702,8762.02,4.07
11908,Haiti,PMO - US,From RDC,N/A - From RDC,Air,7-Aug-08,7-Aug-08,ARV,Pediatric,SCMS from RDC,SKU0005,"Zidovudine 10mg/ml, oral solution, Bottle, 240 ml",Generic,240,1760,3696,2.1,0.01,"Aurobindo Unit III, India",See DN-859 (ID#:11907),See DN-859 (ID#:11907),5.91
11909,Nigeria,PMO - US,From RDC,N/A - From RDC,Air,18-Aug-08,18-Aug-08,ARV,Adult,SCMS from RDC,SKU0004,"Stavudine 30mg, capsules, 60 Caps",Generic,60,13380,20739,1.55,0.03,"Aurobindo Unit III, India",925,9185.15,33.18
11910,Nigeria,PMO - US,From RDC,N/A - From RDC,Air,31-Aug-08,31-Aug-08,ARV,Adult,SCMS from RDC,SKU0011,"Lamivudine/Zidovudine 150/300mg, tablets, 60 Tabs",Generic,60,1001,9359.35,9.35,0.16,Mylan (formerly Matrix) Nashik,82,1151.48,14.97
11913,Ethiopia,PMO - US,From RDC,N/A - From RDC,Air,20-Mar-09,20-Mar-09,ARV,Adult,SCMS from RDC,SKU0054,"Lamivudine/Nevirapine/Zidovudine 150/200/300mg, tablets, 60 Tabs",Generic,60,10812,127581.6,11.8,0.2,"Aurobindo Unit III, India",See DN-1105 (ID#:11303),See DN-1105 (ID#:11303),250.06
11914,Kenya,PMO - US,From RDC,N/A - From RDC,Air,26-Aug-08,26-Aug-08,HRDT,HIV test,SCMS from RDC,SKU0009,"HIV 1/2, Uni-Gold HIV Kit, 20 Tests",Uni-Gold,20,4926,157632,32,1.6,"Trinity Biotech, Plc",2695,11898.8,252.21
11916,Pakistan,PMO - US,From RDC,N/A - From RDC,Air,17-Nov-08,17-Nov-08,HRDT,HIV test,SCMS from RDC,SKU0017,"HIV 1/2, Determine HIV Kit, without Lancets, 100 Tests",Determine,100,12,1199.88,99.99,1,Inverness Japan,See DN-1004 (ID#:11280),See DN-1004 (ID#:11280),2.35
11917,Nigeria,PMO - US,From RDC,N/A - From RDC,Air,28-Sep-08,28-Sep-08,ARV,Adult,SCMS from RDC,SKU0026,"Efavirenz 600mg, tablets, 30 Tabs",Generic,30,25000,300250,12.01,0.4,"Aurobindo Unit III, India",6124,13353.34,480.4
11918,Haiti,PMO - US,From RDC,N/A - From RDC,Air,10-Oct-08,10-Oct-08,ARV,Pediatric,SCMS from RDC,SKU0005,"Zidovudine 10mg/ml, oral solution, Bottle, 240 ml",Generic,240,2613,5487.3,2.1,0.01,"Aurobindo Unit III, India",979,11836.61,8.78
11919,Zambia,PMO - US,From RDC,N/A - From RDC,Truck,1-Dec-08,1-Dec-08,ARV,Adult,SCMS from RDC,SKU0007,"Nevirapine 200mg, tablets, 60 Tabs",Generic,60,20989,71362.6,3.4,0.06,Hetero Unit III Hyderabad IN,1162,3629.37,139.87
11920,Rwanda,PMO - US,From RDC,N/A - From RDC,Truck,5-Nov-08,5-Nov-08,ARV,Adult,SCMS from RDC,SKU0007,"Nevirapine 200mg, tablets, 60 Tabs",Generic,60,4703,15049.6,3.2,0.05,"Aurobindo Unit III, India",455,3754.14,29.5
11921,Nigeria,PMO - US,From RDC,N/A - From RDC,Air,22-Sep-08,22-Sep-08,ARV,Adult,SCMS from RDC,SKU0011,"Lamivudine/Zidovudine 150/300mg, tablets, 60 Tabs",Generic,60,2339,21869.65,9.35,0.16,Mylan (formerly Matrix) Nashik,See DN-909 (ID#:10727),See DN-909 (ID#:10727),34.99
11923,Côte d'Ivoire,PMO - US,From RDC,N/A - From RDC,Air,14-Feb-09,14-Feb-09,ARV,Adult,SCMS from RDC,SKU0058,"Abacavir 300mg, tablets, 60 Tabs",Generic,60,3000,76740,25.58,0.43,Mylan (formerly Matrix) Nashik,187,5110.42,150.41
11924,Rwanda,PMO - US,From RDC,N/A - From RDC,Air,6-Feb-09,6-Feb-09,ARV,Adult,SCMS from RDC,SKU0003,"Lamivudine 150mg, tablets, 60 Tabs",Generic,60,10530,25693.2,2.44,0.04,"Aurobindo Unit III, India",544,5029.05,50.36
11925,Tanzania,PMO - US,From RDC,N/A - From RDC,,15-Sep-08,15-Sep-08,ARV,Pediatric,SCMS from RDC,SKU0082,"Didanosine 100mg, chewable/dispersible tablets, 60 Tabs",Generic,60,11640,90210,7.75,0.13,"Aurobindo Unit III, India",See DN-893 (ID#:11596),See DN-893 (ID#:11596),144.34
11926,Mozambique,PMO - US,From RDC,N/A - From RDC,Air,21-Feb-09,21-Feb-09,ARV,Adult,SCMS from RDC,SKU0026,"Efavirenz 600mg, tablets, 30 Tabs",Generic,30,24350,267850,11,0.37,"Aurobindo Unit III, India",See DN-1034 (ID#:10732),See DN-1034 (ID#:10732),524.99
11927,Sierra Leone,PMO - US,From RDC,N/A - From RDC,Air,22-Aug-08,22-Aug-08,HRDT,HIV test,SCMS from RDC,SKU0009,"HIV 1/2, Uni-Gold HIV Kit, 20 Tests",Uni-Gold,20,500,16000,32,1.6,"Trinity Biotech, Plc",163,7795,25.6
11928,Côte d'Ivoire,PMO - US,From RDC,N/A - From RDC,Air,2-Mar-09,2-Mar-09,ARV,Pediatric,SCMS from RDC,SKU0076,"Stavudine 1mg/ml, powder for oral solution, 200 ml",Generic,200,1200,1680,1.4,0.01,"Aurobindo Unit III, India",115,1297.57,3.29
11932,Nigeria,PMO - US,From RDC,N/A - From RDC,Air,24-Mar-09,24-Mar-09,ARV,Adult,SCMS from RDC,SKU0053,"Emtricitabine/Tenofovir Disoproxil Fumarate 200/300mg [Truvada], tablets, 30 Tabs",Truvada,30,37666,988732.5,26.25,0.88,"Aspen-OSD, Port Elizabeth, SA",3273,6443.63,1937.92
11933,Nigeria,PMO - US,From RDC,N/A - From RDC,Air,24-Sep-08,24-Sep-08,ARV,Adult,SCMS from RDC,SKU0053,"Emtricitabine/Tenofovir Disoproxil Fumarate 200/300mg [Truvada], tablets, 30 Tabs",Truvada,30,4,105,26.25,0.88,"Aspen-OSD, Port Elizabeth, SA",See DN-917 (ID#:10745),See DN-917 (ID#:10745),0.17
11934,Nigeria,PMO - US,From RDC,N/A - From RDC,Air,24-Sep-08,24-Sep-08,ARV,Adult,SCMS from RDC,SKU0011,"Lamivudine/Zidovudine 150/300mg, tablets, 60 Tabs",Generic,60,1054,9854.9,9.35,0.16,Mylan (formerly Matrix) Nashik,See DN-917 (ID#:10745),See DN-917 (ID#:10745),15.77
11935,Nigeria,PMO - US,From RDC,N/A - From RDC,Air,24-Sep-08,24-Sep-08,ARV,Adult,SCMS from RDC,SKU0044,"Lamivudine/Nevirapine/Stavudine 150/200/30mg, tablets, 60 Tabs",Generic,60,4953,36652.2,7.4,0.12,"Cipla, Goa, India",See DN-917 (ID#:10745),See DN-917 (ID#:10745),58.64
11936,Haiti,PMO - US,From RDC,N/A - From RDC,Air,4-Nov-08,4-Nov-08,ARV,Adult,SCMS from RDC,SKU0004,"Stavudine 30mg, capsules, 60 Caps",Generic,60,12000,18600,1.55,0.03,"Aurobindo Unit III, India",See DN-944 (ID#:11012),See DN-944 (ID#:11012),36.46
11937,Haiti,PMO - US,From RDC,N/A - From RDC,Air,4-Nov-08,4-Nov-08,ARV,Pediatric,SCMS from RDC,SKU0071,"Abacavir 20mg/ml, oral solution, Bottle, 240 ml",Generic,240,350,5652.5,16.15,0.07,"Aurobindo Unit III, India",See DN-944 (ID#:11012),See DN-944 (ID#:11012),11.08
11938,Haiti,PMO - US,From RDC,N/A - From RDC,Air,10-Mar-09,10-Mar-09,ARV,Adult,SCMS from RDC,SKU0058,"Abacavir 300mg, tablets, 60 Tabs",Generic,60,450,11452.5,25.45,0.42,Mylan (formerly Matrix) Nashik,47,1432.88,22.45
11939,Nigeria,PMO - US,From RDC,N/A - From RDC,Air,24-Jul-08,24-Jul-08,ARV,Adult,SCMS from RDC,SKU0026,"Efavirenz 600mg, tablets, 30 Tabs",Generic,30,4200,49224,11.72,0.39,"Aurobindo Unit III, India",621,4099.51,78.76
11940,Tanzania,PMO - US,From RDC,N/A - From RDC,Air,29-Aug-08,29-Aug-08,ARV,Adult,SCMS from RDC,SKU0044,"Lamivudine/Nevirapine/Stavudine 150/200/30mg, tablets, 60 Tabs",Generic,60,2011,14881.4,7.4,0.12,"Cipla, Goa, India",6650,36855.6,23.81
11942,Haiti,PMO - US,From RDC,N/A - From RDC,Air,27-Oct-08,27-Oct-08,ARV,Adult,SCMS from RDC,SKU0026,"Efavirenz 600mg, tablets, 30 Tabs",Generic,30,2139,23529,11,0.37,"Aurobindo Unit III, India",See DN-945 (ID#:11018),See DN-945 (ID#:11018),37.65
11943,Haiti,PMO - US,From RDC,N/A - From RDC,Air,27-Oct-08,27-Oct-08,ARV,Adult,SCMS from RDC,SKU0011,"Lamivudine/Zidovudine 150/300mg, tablets, 60 Tabs",Generic,60,93000,869550,9.35,0.16,"Aurobindo Unit III, India",See DN-945 (ID#:11018),See DN-945 (ID#:11018),1391.28
11944,Ethiopia,PMO - US,From RDC,N/A - From RDC,Air,18-Feb-09,18-Feb-09,ARV,Adult,SCMS from RDC,SKU0044,"Lamivudine/Nevirapine/Stavudine 150/200/30mg, tablets, 60 Tabs",Generic,60,2855,20327.6,7.12,0.12,"Cipla, Goa, India",See DN-1060 (ID#:11618),See DN-1060 (ID#:11618),39.84
11945,Nigeria,PMO - US,From RDC,N/A - From RDC,Air,30-Oct-08,30-Oct-08,ARV,Adult,SCMS from RDC,SKU0004,"Stavudine 30mg, capsules, 60 Caps",Generic,60,7876,11971.52,1.52,0.03,"Aurobindo Unit III, India",5588,18617.93,23.46
11946,Nigeria,PMO - US,From RDC,N/A - From RDC,Air,30-Oct-08,30-Oct-08,ARV,Adult,SCMS from RDC,SKU0053,"Emtricitabine/Tenofovir Disoproxil Fumarate 200/300mg [Truvada], tablets, 30 Tabs",Truvada,30,32696,858270,26.25,0.88,"Aspen-OSD, Port Elizabeth, SA",See DN-960 (ID#:11945),See DN-960 (ID#:11945),1682.21
11947,Nigeria,PMO - US,From RDC,N/A - From RDC,Air,30-Oct-08,30-Oct-08,ARV,Pediatric,SCMS from RDC,SKU0066,"Efavirenz 200mg, capsule, 90 Caps",Generic,90,1132,18112,16,0.18,"Aurobindo Unit III, India",See DN-960 (ID#:11945),See DN-960 (ID#:11945),35.5
11948,Zambia,PMO - US,From RDC,N/A - From RDC,Truck,25-Nov-08,25-Nov-08,ARV,Adult,SCMS from RDC,SKU0053,"Emtricitabine/Tenofovir Disoproxil Fumarate 200/300mg [Truvada], tablets, 30 Tabs",Truvada,30,100000,2625000,26.25,0.88,"Aspen-OSD, Port Elizabeth, SA",88190,11519.94,5145
11949,Nigeria,PMO - US,From RDC,N/A - From RDC,Air Charter,19-Mar-09,19-Mar-09,ARV,Pediatric,SCMS from RDC,SKU0048,"Lamivudine 10mg/ml, oral solution, Bottle, 240 ml",Generic,240,833,1582.7,1.9,0.01,"Aurobindo Unit III, India",See DN-1124 (ID#:11620),See DN-1124 (ID#:11620),3.1
11950,Côte d'Ivoire,PMO - US,From RDC,N/A - From RDC,Air,5-Jan-09,5-Jan-09,ARV,Adult,SCMS from RDC,SKU0044,"Lamivudine/Nevirapine/Stavudine 150/200/30mg, tablets, 60 Tabs",Generic,60,19290,138888,7.2,0.12,"Cipla, Goa, India",2096,19495.73,272.22
11951,Côte d'Ivoire,PMO - US,From RDC,N/A - From RDC,Air,5-Mar-09,5-Mar-09,ARV,Pediatric,SCMS from RDC,SKU0076,"Stavudine 1mg/ml, powder for oral solution, 200 ml",Generic,200,800,1120,1.4,0.01,"Aurobindo Unit III, India",77,1286,2.2
11953,Zambia,PMO - US,From RDC,N/A - From RDC,,6-Oct-08,6-Oct-08,ARV,Adult,SCMS from RDC,SKU0026,"Efavirenz 600mg, tablets, 30 Tabs",Generic,30,20880,250768.8,12.01,0.4,Mylan (formerly Matrix) Nashik,1603,8539.26,401.23
11954,Côte d'Ivoire,PMO - US,From RDC,N/A - From RDC,Air,1-Dec-08,1-Dec-08,ARV,Adult,SCMS from RDC,SKU0026,"Efavirenz 600mg, tablets, 30 Tabs",Generic,30,30654,359264.88,11.72,0.39,"Aurobindo Unit III, India",See DN-988 (ID#:11022),See DN-988 (ID#:11022),704.16
11955,Nigeria,PMO - US,From RDC,N/A - From RDC,Air Charter,19-Mar-09,19-Mar-09,ARV,Adult,SCMS from RDC,SKU0054,"Lamivudine/Nevirapine/Zidovudine 150/200/300mg, tablets, 60 Tabs",Generic,60,63940,728916,11.4,0.19,"Aurobindo Unit III, India",7189,11492.86,1428.68
11956,Nigeria,PMO - US,From RDC,N/A - From RDC,Air Charter,19-Mar-09,19-Mar-09,ARV,Adult,SCMS from RDC,SKU0054,"Lamivudine/Nevirapine/Zidovudine 150/200/300mg, tablets, 60 Tabs",Generic,60,4314,49179.6,11.4,0.19,"Aurobindo Unit III, India",485,22985.73,96.39
11957,Côte d'Ivoire,PMO - US,From RDC,N/A - From RDC,Air,20-Mar-09,20-Mar-09,ARV,Adult,SCMS from RDC,SKU0008,"Lopinavir/Ritonavir 200/50mg [Aluvia], tablets, 120 Tabs",Aluvia,120,1764,72500.4,41.1,0.34,ABBVIE Ludwigshafen Germany,Weight Captured Separately,Invoiced Separately,142.1
11958,Côte d'Ivoire,PMO - US,From RDC,N/A - From RDC,Air,20-Mar-09,20-Mar-09,ARV,Adult,SCMS from RDC,SKU0008,"Lopinavir/Ritonavir 200/50mg [Aluvia], tablets, 120 Tabs",Aluvia,120,1544,63458.4,41.1,0.34,ABBVIE (Abbott) Logis. UK,Weight Captured Separately,Invoiced Separately,124.38
11959,Mozambique,PMO - US,From RDC,N/A - From RDC,Air,14-Nov-08,14-Nov-08,ARV,Adult,SCMS from RDC,SKU0026,"Efavirenz 600mg, tablets, 30 Tabs",Generic,30,5000,55000,11,0.37,"Aurobindo Unit III, India",See DN-933 (ID#:10755),See DN-933 (ID#:10755),88
11960,Côte d'Ivoire,PMO - US,From RDC,N/A - From RDC,Air,23-Mar-09,23-Mar-09,ARV,Pediatric,SCMS from RDC,SKU0042,"Lopinavir/Ritonavir 80/20mg/ml [Kaletra], oral solution, cool, Bottle 5 x 60 ml",Kaletra,300,1500,61650,41.1,0.14,ABBVIE (Abbott) Logis. UK,See DN-1163 (ID#:11030),See DN-1163 (ID#:11030),120.83
11961,Côte d'Ivoire,PMO - US,From RDC,N/A - From RDC,Air,24-Mar-09,24-Mar-09,ARV,Adult,SCMS from RDC,SKU0007,"Nevirapine 200mg, tablets, 60 Tabs",Generic,60,7511,25537.4,3.4,0.06,"Aurobindo Unit III, India",Weight Captured Separately,Invoiced Separately,50.05
11962,Côte d'Ivoire,PMO - US,From RDC,N/A - From RDC,Air,12-May-09,12-May-09,ARV,Pediatric,SCMS from RDC,SKU0071,"Abacavir 20mg/ml, oral solution, Bottle, 240 ml",Generic,240,352,5280,15,0.06,"Aurobindo Unit III, India",125,1328.03,10.35
11963,Haiti,PMO - US,From RDC,N/A - From RDC,Air,14-Apr-09,14-Apr-09,ARV,Pediatric,SCMS from RDC,SKU0071,"Abacavir 20mg/ml, oral solution, Bottle, 240 ml",Generic,240,274,4110,15,0.06,"Aurobindo Unit III, India",98,1763.84,8.06
11964,Mozambique,PMO - US,From RDC,N/A - From RDC,Air,8-Jun-09,8-Jun-09,ARV,Adult,SCMS from RDC,SKU0054,"Lamivudine/Nevirapine/Zidovudine 150/200/300mg, tablets, 60 Tabs",Generic,60,10808,127534.4,11.8,0.2,Mylan (formerly Matrix) Nashik,1320,6759.55,249.97
11966,Kenya,PMO - US,From RDC,N/A - From RDC,Truck,23-Apr-09,23-Apr-09,ARV,Pediatric,SCMS from RDC,SKU0066,"Efavirenz 200mg, capsule, 90 Caps",Generic,90,170,1.7,0.01,0,"Aurobindo Unit III, India",See DN-1193 (ID#:11312),See DN-1193 (ID#:11312),0
11967,Nigeria,PMO - US,From RDC,N/A - From RDC,Air,30-Apr-09,30-Apr-09,ARV,Adult,SCMS from RDC,SKU0053,"Emtricitabine/Tenofovir Disoproxil Fumarate 200/300mg [Truvada], tablets, 30 Tabs",Truvada,30,2067,54258.75,26.25,0.88,"Aspen-OSD, Port Elizabeth, SA",235,2922.53,106.35
11968,Haiti,PMO - US,From RDC,N/A - From RDC,Air,22-May-09,22-May-09,ARV,Pediatric,SCMS from RDC,SKU0048,"Lamivudine 10mg/ml, oral solution, Bottle, 240 ml",Generic,240,2345,4455.5,1.9,0.01,"Aurobindo Unit III, India",See DN-1221 (ID#:11636),See DN-1221 (ID#:11636),8.73
11969,Mozambique,PMO - US,From RDC,N/A - From RDC,Truck,28-Jun-09,28-Jun-09,ARV,Adult,SCMS from RDC,SKU0004,"Stavudine 30mg, capsules, 60 Caps",Generic,60,630,938.7,1.49,0.02,"Strides, Bangalore, India.",See DN-1231 (ID#:11044),See DN-1231 (ID#:11044),1.84
11970,Côte d'Ivoire,PMO - US,From RDC,N/A - From RDC,Air,11-Jun-09,11-Jun-09,ARV,Pediatric,SCMS from RDC,SKU0066,"Efavirenz 200mg, capsule, 90 Caps",Generic,90,1680,25636.8,15.26,0.17,"Aurobindo Unit III, India",3337,9936.96,50.25
11971,Swaziland,PMO - US,From RDC,N/A - From RDC,Air,21-May-09,21-May-09,ARV,Pediatric,SCMS from RDC,SKU0066,"Efavirenz 200mg, capsule, 90 Caps",Generic,90,1417,18038.41,12.73,0.14,"Aurobindo Unit III, India",See DN-1238 (ID#:11046),See DN-1238 (ID#:11046),35.36
11972,Swaziland,PMO - US,From RDC,N/A - From RDC,Air,21-May-09,21-May-09,ARV,Adult,SCMS from RDC,SKU0054,"Lamivudine/Nevirapine/Zidovudine 150/200/300mg, tablets, 60 Tabs",Generic,60,13600,154360,11.35,0.19,"Aurobindo Unit III, India",See DN-1238 (ID#:11046),See DN-1238 (ID#:11046),302.55
11973,Mozambique,PMO - US,From RDC,N/A - From RDC,Air,20-May-09,20-May-09,ARV,Adult,SCMS from RDC,SKU0094,"Indinavir 400mg [Crixivan], capsules, 180 Caps",Crixivan,180,616,30800,50,0.28,"MSD, Haarlem, NL",227,1943.05,60.37
11974,Mozambique,PMO - US,From RDC,N/A - From RDC,Air,20-May-09,20-May-09,ARV,Pediatric,SCMS from RDC,SKU0066,"Efavirenz 200mg, capsule, 90 Caps",Generic,90,720,10987.2,15.26,0.17,"Aurobindo Unit III, India",See DN-1176 (ID#:11973),See DN-1176 (ID#:11973),21.53
11975,Zambia,PMO - US,From RDC,N/A - From RDC,Truck,10-Jun-09,10-Jun-09,ARV,Adult,SCMS from RDC,SKU0026,"Efavirenz 600mg, tablets, 30 Tabs",Generic,30,100000,1100000,11,0.37,Hetero Unit III Hyderabad IN,7736,10069.54,2156
11980,Nigeria,PMO - US,From RDC,N/A - From RDC,Air Charter,16-Jun-09,16-Jun-09,ARV,Adult,SCMS from RDC,SKU0004,"Stavudine 30mg, capsules, 60 Caps",Generic,60,1002,1553.1,1.55,0.03,"Aurobindo Unit III, India",See DN-1244 (ID#:11048),See DN-1244 (ID#:11048),3.04
11981,Zambia,PMO - US,From RDC,N/A - From RDC,Truck,15-Jun-09,15-Jun-09,ARV,Pediatric,SCMS from RDC,SKU0066,"Efavirenz 200mg, capsule, 90 Caps",Generic,90,680,10376.8,15.26,0.17,"Aurobindo Unit III, India",See DN-1250 (ID#:10774),See DN-1250 (ID#:10774),20.34
11983,Nigeria,PMO - US,From RDC,N/A - From RDC,Air Charter,16-Jun-09,16-Jun-09,ARV,Adult,SCMS from RDC,SKU0014,"Zidovudine 300mg, tablets, 60 Tabs",Generic,60,306,2359.26,7.71,0.13,"Aurobindo Unit III, India",See DN-1261 (ID#:11647),See DN-1261 (ID#:11647),4.62
11988,Haiti,PMO - US,From RDC,N/A - From RDC,Air,25-Jun-09,25-Jun-09,ARV,Adult,SCMS from RDC,SKU0007,"Nevirapine 200mg, tablets, 60 Tabs",Generic,60,18750,56250,3,0.05,Hetero Unit III Hyderabad IN,111,12448.02,110.25
11989,Zimbabwe,PMO - US,From RDC,N/A - From RDC,Truck,22-Jun-09,22-Jun-09,ARV,Adult,SCMS from RDC,SKU0026,"Efavirenz 600mg, tablets, 30 Tabs",Generic,30,4000,42480,10.62,0.35,"Aurobindo Unit III, India",See DN-1289 (ID#:11332),See DN-1289 (ID#:11332),83.26
11990,Côte d'Ivoire,PMO - US,From RDC,N/A - From RDC,Air,14-Jul-09,14-Jul-09,ARV,Adult,SCMS from RDC,SKU0026,"Efavirenz 600mg, tablets, 30 Tabs",Generic,30,26710,259621.2,9.72,0.32,"Emcure Plot No.P-2, I.T-B.T. Park, Phase II, MIDC, Hinjwadi, Pune, India",1866,6111.2,508.86
11991,Uganda,PMO - US,From RDC,N/A - From RDC,Air,14-Aug-09,14-Aug-09,ARV,Adult,SCMS from RDC,SKU0011,"Lamivudine/Zidovudine 150/300mg, tablets, 60 Tabs",Generic,60,14479,97878.04,6.76,0.11,"Aurobindo Unit III, India",See DN-1303 (ID#:11661),See DN-1303 (ID#:11661),191.84
11992,Uganda,PMO - US,From RDC,N/A - From RDC,Air,14-Aug-09,14-Aug-09,ARV,Adult,SCMS from RDC,SKU0044,"Lamivudine/Nevirapine/Stavudine 150/200/30mg, tablets, 60 Tabs",Generic,60,1604,11420.48,7.12,0.12,"Strides, Bangalore, India.",120,1670.63,22.38
11993,Uganda,PMO - US,From RDC,N/A - From RDC,Air,17-Jul-09,17-Jul-09,ARV,Adult,SCMS from RDC,SKU0044,"Lamivudine/Nevirapine/Stavudine 150/200/30mg, tablets, 60 Tabs",Generic,60,4340,30900.8,7.12,0.12,"Strides, Bangalore, India.",322,3017.15,60.57
11996,Nigeria,PMO - US,From RDC,N/A - From RDC,Air Charter,4-Aug-09,4-Aug-09,ARV,Adult,SCMS from RDC,SKU0054,"Lamivudine/Nevirapine/Zidovudine 150/200/300mg, tablets, 60 Tabs",Generic,60,4314,49179.6,11.4,0.19,"Aurobindo Unit III, India",486,7445.8,96.39
11997,Nigeria,PMO - US,From RDC,N/A - From RDC,Air Charter,4-Aug-09,4-Aug-09,ARV,Adult,SCMS from RDC,SKU0054,"Lamivudine/Nevirapine/Zidovudine 150/200/300mg, tablets, 60 Tabs",Generic,60,41949,478218.6,11.4,0.19,"Aurobindo Unit III, India",4724,7445.8,937.31
11998,Haiti,PMO - US,From RDC,N/A - From RDC,Air,31-Jul-09,31-Jul-09,ARV,Adult,SCMS from RDC,SKU0004,"Stavudine 30mg, capsules, 60 Caps",Generic,60,8640,12614.4,1.46,0.02,"Aurobindo Unit III, India",See DN-1373 (ID#:11062),See DN-1373 (ID#:11062),24.72
11999,Haiti,PMO - US,From RDC,N/A - From RDC,Air,31-Jul-09,31-Jul-09,ARV,Adult,SCMS from RDC,SKU0041,"Stavudine 15mg, capsules, 60 Caps",Generic,60,108,162,1.5,0.02,"Aurobindo Unit III, India",78,6811.4,0.32
12000,Mozambique,PMO - US,From RDC,N/A - From RDC,Truck,17-Sep-09,17-Sep-09,ARV,Adult,SCMS from RDC,SKU0044,"Lamivudine/Nevirapine/Stavudine 150/200/30mg, tablets, 60 Tabs",Generic,60,17000,121040,7.12,0.12,"Strides, Bangalore, India.",4374,1799.88,237.24
12001,Zambia,PMO - US,From RDC,N/A - From RDC,Truck,15-Sep-09,15-Sep-09,ARV,Adult,SCMS from RDC,SKU0011,"Lamivudine/Zidovudine 150/300mg, tablets, 60 Tabs",Generic,60,108000,946080,8.76,0.15,"Aurobindo Unit III, India",See DN-1386 (ID#:11673),See DN-1386 (ID#:11673),1854.32
12003,Côte d'Ivoire,PMO - US,From RDC,N/A - From RDC,Air,8-Sep-09,8-Sep-09,ARV,Pediatric,SCMS from RDC,SKU0066,"Efavirenz 200mg, capsule, 90 Caps",Generic,90,2520,32079.6,12.73,0.14,"Aurobindo Unit III, India",See DN-1398 (ID#:11679),See DN-1398 (ID#:11679),62.88
12004,Uganda,PMO - US,From RDC,N/A - From RDC,Air,9-Sep-09,9-Sep-09,ARV,Adult,SCMS from RDC,SKU0054,"Lamivudine/Nevirapine/Zidovudine 150/200/300mg, tablets, 60 Tabs",Generic,60,19650,223027.5,11.35,0.19,"Aurobindo Unit III, India",2237,15250.99,437.13
12005,Zambia,PMO - US,From RDC,N/A - From RDC,Truck,22-Sep-09,22-Sep-09,ARV,Adult,SCMS from RDC,SKU0044,"Lamivudine/Nevirapine/Stavudine 150/200/30mg, tablets, 60 Tabs",Generic,60,52481,373664.72,7.12,0.12,"Cipla, Goa, India",5586,6759.28,732.38
12006,Zimbabwe,PMO - US,From RDC,N/A - From RDC,Truck,22-Sep-09,22-Sep-09,ARV,Adult,SCMS from RDC,SKU0044,"Lamivudine/Nevirapine/Stavudine 150/200/30mg, tablets, 60 Tabs",Generic,60,76000,541120,7.12,0.12,"Cipla, Goa, India",See DN-1411 (ID#:11352),See DN-1411 (ID#:11352),1060.6
12008,Uganda,PMO - US,From RDC,N/A - From RDC,Air,14-Sep-09,14-Sep-09,ARV,Adult,SCMS from RDC,SKU0053,"Emtricitabine/Tenofovir Disoproxil Fumarate 200/300mg [Truvada], tablets, 30 Tabs",Truvada,30,1795,47118.75,26.25,0.88,"Aspen-OSD, Port Elizabeth, SA",160,2590.35,92.35
12009,Côte d'Ivoire,PMO - US,From RDC,N/A - From RDC,Air,16-Sep-09,16-Sep-09,ARV,Pediatric,SCMS from RDC,SKU0001,"Nevirapine 10mg/ml, oral suspension, Bottle, 240 ml",Generic,240,6000,11520,1.92,0.01,"Aurobindo Unit III, India",See DN-1422 (ID#:11682),See DN-1422 (ID#:11682),22.58
12010,Côte d'Ivoire,PMO - US,From RDC,N/A - From RDC,Air,25-Sep-09,25-Sep-09,ARV,Adult,SCMS from RDC,SKU0053,"Emtricitabine/Tenofovir Disoproxil Fumarate 200/300mg [Truvada], tablets, 30 Tabs",Truvada,30,998,26197.5,26.25,0.88,"Aspen-OSD, Port Elizabeth, SA",See DN-1427 (ID#:11683),See DN-1427 (ID#:11683),51.35
12011,Nigeria,PMO - US,From RDC,N/A - From RDC,Air Charter,20-Oct-09,20-Oct-09,ARV,Adult,SCMS from RDC,SKU0054,"Lamivudine/Nevirapine/Zidovudine 150/200/300mg, tablets, 60 Tabs",Generic,60,52920,603288,11.4,0.19,"Aurobindo Unit III, India",5960,9341.49,1182.44
12012,Zambia,PMO - US,From RDC,N/A - From RDC,Truck,13-Oct-09,13-Oct-09,ARV,Adult,SCMS from RDC,SKU0026,"Efavirenz 600mg, tablets, 30 Tabs",Generic,30,4000,24880,6.22,0.21,"Aurobindo Unit III, India",1900,4997.46,48.76
12014,Haiti,PMO - US,From RDC,N/A - From RDC,Air,21-Oct-09,21-Oct-09,ARV,Adult,SCMS from RDC,SKU0007,"Nevirapine 200mg, tablets, 60 Tabs",Generic,60,15825,45892.5,2.9,0.05,"Aurobindo Unit III, India",See DN-1466 (ID#:11357),See DN-1466 (ID#:11357),89.95
12015,Ethiopia,PMO - US,From RDC,N/A - From RDC,Air,6-Oct-09,6-Oct-09,ARV,Adult,SCMS from RDC,SKU0003,"Lamivudine 150mg, tablets, 60 Tabs",Generic,60,4500,10980,2.44,0.04,Mylan (formerly Matrix) Nashik,658,4311.22,21.52
12016,Lebanon,PMO - US,From RDC,N/A - From RDC,Air,18-Nov-09,18-Nov-09,ARV,Pediatric,SCMS from RDC,SKU0005,"Zidovudine 10mg/ml, oral solution, Bottle, 240 ml",Generic,240,24,0.24,0.01,0,"Aurobindo Unit III, India",See DN-1487 (ID#:11073),See DN-1487 (ID#:11073),0
12017,Uganda,PMO - US,From RDC,N/A - From RDC,Air,29-Oct-09,29-Oct-09,ARV,Adult,SCMS from RDC,SKU0004,"Stavudine 30mg, capsules, 60 Caps",Generic,60,300,438,1.46,0.02,"Aurobindo Unit III, India",20,667.17,0.94
12018,Uganda,PMO - US,From RDC,N/A - From RDC,Air,29-Oct-09,29-Oct-09,ARV,Adult,SCMS from RDC,SKU0014,"Zidovudine 300mg, tablets, 60 Tabs",Generic,60,589,4435.17,7.53,0.13,"Aurobindo Unit III, India",33,747.17,9.56
12020,Ethiopia,PMO - US,From RDC,N/A - From RDC,Air,8-Dec-09,8-Dec-09,ARV,Adult,SCMS from RDC,SKU0007,"Nevirapine 200mg, tablets, 60 Tabs",Generic,60,20000,58000,2.9,0.05,"Cipla, Goa, India",2190,7573.92,125.05
12021,Ethiopia,PMO - US,From RDC,N/A - From RDC,Air,13-Jan-10,13-Jan-10,ARV,Adult,SCMS from RDC,SKU0007,"Nevirapine 200mg, tablets, 60 Tabs",Generic,60,25540,74066,2.9,0.05,"Aurobindo Unit III, India",2031,6774.59,159.69
12025,Côte d'Ivoire,PMO - US,From RDC,N/A - From RDC,,22-Feb-07,22-Feb-07,ARV,Adult,SCMS from RDC,SKU0026,"Efavirenz 600mg, tablets, 30 Tabs",Generic,30,495,8043.75,16.25,0.54,"Aurobindo Unit III, India",See DN-16 (ID#:10540),See DN-16 (ID#:10540),
12026,Côte d'Ivoire,PMO - US,From RDC,N/A - From RDC,,22-Feb-07,22-Feb-07,ARV,Adult,SCMS from RDC,SKU0011,"Lamivudine/Zidovudine 150/300mg, tablets, 60 Tabs",Generic,60,2770,28392.5,10.25,0.17,"Aurobindo Unit III, India",See DN-16 (ID#:10540),See DN-16 (ID#:10540),
12030,Zambia,PMO - US,From RDC,N/A - From RDC,,29-Mar-07,29-Mar-07,ARV,Adult,SCMS from RDC,SKU0058,"Abacavir 300mg, tablets, 60 Tabs",Generic,60,3334,118357,35.5,0.59,"Aurobindo Unit III, India",161,7441.23,
12031,Nigeria,PMO - US,From RDC,N/A - From RDC,,17-Apr-07,17-Apr-07,ARV,Pediatric,SCMS from RDC,SKU0005,"Zidovudine 10mg/ml, oral solution, Bottle, 240 ml",Generic,240,1200,2580,2.15,0.01,"Aurobindo Unit III, India",See DN-72 (ID#:11097),See DN-72 (ID#:11097),
12033,Mozambique,PMO - US,From RDC,N/A - From RDC,Air,18-May-07,18-May-07,ARV,Adult,SCMS from RDC,SKU0058,"Abacavir 300mg, tablets, 60 Tabs",Generic,60,566,20262.8,35.8,0.6,"Aurobindo Unit III, India",See DN-121 (ID#:10814),See DN-121 (ID#:10814),
12034,Côte d'Ivoire,PMO - US,From RDC,N/A - From RDC,,4-May-07,4-May-07,ARV,Adult,SCMS from RDC,SKU0026,"Efavirenz 600mg, tablets, 30 Tabs",Generic,30,10000,162500,16.25,0.54,"Aurobindo Unit III, India",898,3002,
12037,Côte d'Ivoire,PMO - US,From RDC,N/A - From RDC,,4-May-07,4-May-07,ARV,Adult,SCMS from RDC,SKU0026,"Efavirenz 600mg, tablets, 30 Tabs",Generic,30,6519,105933.75,16.25,0.54,"Aurobindo Unit III, India",See DN-46 (ID#:10550),See DN-46 (ID#:10550),
12041,Rwanda,PMO - US,From RDC,N/A - From RDC,Air,14-May-07,14-May-07,ARV,Adult,SCMS from RDC,SKU0003,"Lamivudine 150mg, tablets, 60 Tabs",Generic,60,1267,4193.77,3.31,0.06,"Ranbaxy, Paonta Shahib, India",See DN-100 (ID#:10823),See DN-100 (ID#:10823),
12043,Côte d'Ivoire,PMO - US,From RDC,N/A - From RDC,,30-Apr-07,30-Apr-07,ARV,Adult,SCMS from RDC,SKU0044,"Lamivudine/Nevirapine/Stavudine 150/200/30mg, tablets, 60 Tabs",Generic,60,9000,67500,7.5,0.12,"Cipla, Goa, India",972,3162,
12044,Côte d'Ivoire,PMO - US,From RDC,N/A - From RDC,,4-May-07,4-May-07,ARV,Adult,SCMS from RDC,SKU0011,"Lamivudine/Zidovudine 150/300mg, tablets, 60 Tabs",Generic,60,1000,10250,10.25,0.17,"Aurobindo Unit III, India",114,1470,
12045,Côte d'Ivoire,PMO - US,From RDC,N/A - From RDC,,30-Apr-07,30-Apr-07,ARV,Adult,SCMS from RDC,SKU0021,"Tenofovir Disoproxil Fumarate 300mg [Viread], tablets, 30 Tabs",Viread,30,456,7752,17,0.57,Gilead(Nycomed) Oranienburg DE,682,2527,
12046,Côte d'Ivoire,PMO - US,From RDC,N/A - From RDC,,30-Apr-07,30-Apr-07,ARV,Adult,SCMS from RDC,SKU0011,"Lamivudine/Zidovudine 150/300mg, tablets, 60 Tabs",Generic,60,6944,71176,10.25,0.17,"Aurobindo Unit III, India",See DN-74 (ID#:12045),See DN-74 (ID#:12045),
12047,Côte d'Ivoire,PMO - US,From RDC,N/A - From RDC,,30-Apr-07,30-Apr-07,ARV,Adult,SCMS from RDC,SKU0026,"Efavirenz 600mg, tablets, 30 Tabs",Generic,30,8148,132405,16.25,0.54,"Aurobindo Unit III, India",741,2656,
12050,Nigeria,PMO - US,From RDC,N/A - From RDC,,3-Jul-07,3-Jul-07,ARV,Adult,SCMS from RDC,SKU0003,"Lamivudine 150mg, tablets, 60 Tabs",Generic,60,552,1827.12,3.31,0.06,"Ranbaxy, Paonta Shahib, India",See DN-209 (ID#:11136),See DN-209 (ID#:11136),2.92
12056,Nigeria,PMO - US,From RDC,N/A - From RDC,,3-Jul-07,3-Jul-07,ARV,Pediatric,SCMS from RDC,SKU0001,"Nevirapine 10mg/ml, oral suspension, Bottle, 240 ml",Generic,240,313,1940.6,6.2,0.03,"Aurobindo Unit III, India",See DN-209 (ID#:11136),See DN-209 (ID#:11136),3.1
12058,Tanzania,PMO - US,From RDC,N/A - From RDC,Air,6-Jul-07,6-Jul-07,HRDT,HIV test,SCMS from RDC,SKU0009,"HIV 1/2, Uni-Gold HIV Kit, 20 Tests",Uni-Gold,20,100,3200,32,1.6,"Trinity Biotech, Plc",Weight Captured Separately,2297,
12059,Mozambique,PMO - US,From RDC,N/A - From RDC,Air,4-Jul-07,4-Jul-07,ARV,Adult,SCMS from RDC,SKU0078,"Abacavir/Lamivudine/Zidovudine 300/150/300mg [Trizivir], tablets, 60 Tabs",Trizivir,60,1019,71330,70,1.17,GSK Ware (UK),138,439.17,
12060,Mozambique,PMO - US,From RDC,N/A - From RDC,Air,11-Jul-07,11-Jul-07,ARV,Adult,SCMS from RDC,SKU0008,"Lopinavir/Ritonavir 200/50mg [Aluvia], tablets, 120 Tabs",Aluvia,120,801,32921.1,41.1,0.34,ABBVIE Ludwigshafen Germany,333,630.23,
12061,Mozambique,PMO - US,From RDC,N/A - From RDC,Air,13-Jun-07,13-Jun-07,ARV,Adult,SCMS from RDC,SKU0021,"Tenofovir Disoproxil Fumarate 300mg [Viread], tablets, 30 Tabs",Viread,30,2684,45628,17,0.57,Gilead(Nycomed) Oranienburg DE,See DN-148 (ID#:10564),See DN-148 (ID#:10564),
12062,Mozambique,PMO - US,From RDC,N/A - From RDC,Air,13-Jun-07,13-Jun-07,ARV,Adult,SCMS from RDC,SKU0054,"Lamivudine/Nevirapine/Zidovudine 150/200/300mg, tablets, 60 Tabs",Generic,60,29959,524282.5,17.5,0.29,"Aurobindo Unit III, India",See DN-148 (ID#:10564),See DN-148 (ID#:10564),
12063,Nigeria,PMO - US,From RDC,N/A - From RDC,,26-Jun-07,26-Jun-07,ARV,Adult,SCMS from RDC,SKU0011,"Lamivudine/Zidovudine 150/300mg, tablets, 60 Tabs",Generic,60,203,2168.04,10.68,0.18,"Aurobindo Unit III, India",See DN-172 (ID#:10566),See DN-172 (ID#:10566),
12064,Nigeria,PMO - US,From RDC,N/A - From RDC,,26-Jun-07,26-Jun-07,ARV,Adult,SCMS from RDC,SKU0044,"Lamivudine/Nevirapine/Stavudine 150/200/30mg, tablets, 60 Tabs",Generic,60,1799,13492.5,7.5,0.12,"Cipla, Goa, India",See DN-172 (ID#:10566),See DN-172 (ID#:10566),
12067,Nigeria,PMO - US,From RDC,N/A - From RDC,,26-Jun-07,26-Jun-07,ARV,Adult,SCMS from RDC,SKU0099,"Lamivudine/Nevirapine/Stavudine 150/200/40mg, tablets, 60 Tabs",Generic,60,903,6953.1,7.7,0.13,"Cipla, Goa, India",57,1339.8,11.12
12068,Zimbabwe,PMO - US,From RDC,N/A - From RDC,,20-May-07,20-May-07,ARV,Adult,SCMS from RDC,SKU0026,"Efavirenz 600mg, tablets, 30 Tabs",Generic,30,2800,45528,16.26,0.54,"Aurobindo Unit III, India",246,1130.49,
12071,Zambia,PMO - US,From RDC,N/A - From RDC,,20-Jun-07,20-Jun-07,ARV,Pediatric,SCMS from RDC,SKU0071,"Abacavir 20mg/ml, oral solution, Bottle, 240 ml",Generic,240,237,5095.5,21.5,0.09,"Aurobindo Unit III, India",85,759.41,8.15
12072,Nigeria,PMO - US,From RDC,N/A - From RDC,,3-Jul-07,3-Jul-07,ARV,Adult,SCMS from RDC,SKU0095,"Lamivudine/Zidovudine+Nevirapine 150/300+200mg, tablets, co-blister, 60+60 Tabs",Generic,120,10020,205410,20.5,0.17,"Aspen-OSD, Port Elizabeth, SA",See DN-209 (ID#:11136),See DN-209 (ID#:11136),328.66
12073,Tanzania,PMO - US,From RDC,N/A - From RDC,Air,30-Jul-07,30-Jul-07,ARV,Pediatric,SCMS from RDC,SKU0042,"Lopinavir/Ritonavir 80/20mg/ml [Kaletra], oral solution, cool, Bottle 5 x 60 ml",Kaletra,300,147,6041.7,41.1,0.14,ABBVIE (Abbott) Logis. UK,See DN-247 (ID#:11139),See DN-247 (ID#:11139),9.67
12074,Côte d'Ivoire,PMO - US,From RDC,N/A - From RDC,,14-Aug-07,14-Aug-07,ARV,Adult,SCMS from RDC,SKU0011,"Lamivudine/Zidovudine 150/300mg, tablets, 60 Tabs",Generic,60,7426,79309.68,10.68,0.18,"Aurobindo Unit III, India",3073,7947,126.9
12075,Zambia,PMO - US,From RDC,N/A - From RDC,,16-Jul-07,16-Jul-07,ARV,Adult,SCMS from RDC,SKU0007,"Nevirapine 200mg, tablets, 60 Tabs",Generic,60,79029,282133.53,3.57,0.06,"Aurobindo Unit III, India",7393,30412.53,451.41
12077,Côte d'Ivoire,PMO - US,From RDC,N/A - From RDC,Air,21-Aug-07,21-Aug-07,ARV,Adult,SCMS from RDC,SKU0041,"Stavudine 15mg, capsules, 60 Caps",Generic,60,1161,2496.15,2.15,0.04,"Aurobindo Unit III, India",399,4200.78,3.99
12078,Rwanda,PMO - US,From RDC,N/A - From RDC,Air,6-Aug-07,6-Aug-07,ARV,Adult,SCMS from RDC,SKU0094,"Indinavir 400mg [Crixivan], capsules, 180 Caps",Crixivan,180,112,5600,50,0.28,MSD Elkton USA,24,1161,8.96
12079,Rwanda,PMO - US,From RDC,N/A - From RDC,Air,6-Aug-07,6-Aug-07,HRDT,HIV test,SCMS from RDC,SKU0009,"HIV 1/2, Uni-Gold HIV Kit, 20 Tests",Uni-Gold,20,92,2944,32,1.6,"Trinity Biotech, Plc",28,1604.96,4.71
12080,Côte d'Ivoire,PMO - US,From RDC,N/A - From RDC,Air,17-Aug-07,17-Aug-07,ARV,Pediatric,SCMS from RDC,SKU0042,"Lopinavir/Ritonavir 80/20mg/ml [Kaletra], oral solution, cool, Bottle 5 x 60 ml",Kaletra,300,56,2301.6,41.1,0.14,ABBVIE (Abbott) Logis. UK,See DN-265 (ID#:10580),See DN-265 (ID#:10580),3.68
12083,Tanzania,PMO - US,From RDC,N/A - From RDC,Air,13-Jul-07,13-Jul-07,HRDT,HIV test,SCMS from RDC,SKU0024,"HIV 1/2, Capillus HIV Kit, 100 Tests",Capillus,100,422,58658,139,1.39,"Trinity Biotech, Plc",3093,1547,93.85
12086,Tanzania,PMO - US,From RDC,N/A - From RDC,Air,29-Aug-07,29-Aug-07,ARV,Adult,SCMS from RDC,SKU0011,"Lamivudine/Zidovudine 150/300mg, tablets, 60 Tabs",Generic,60,29489,314942.52,10.68,0.18,"Aurobindo Unit III, India",2670,7533,503.91
12088,Mozambique,PMO - US,From RDC,N/A - From RDC,Air,21-Sep-07,21-Sep-07,ARV,Adult,SCMS from RDC,SKU0078,"Abacavir/Lamivudine/Zidovudine 300/150/300mg [Trizivir], tablets, 60 Tabs",Trizivir,60,530,37100,70,1.17,GSK Ware (UK),See DN-304 (ID#:10589),See DN-304 (ID#:10589),59.36
12089,Mozambique,PMO - US,From RDC,N/A - From RDC,Air,21-Sep-07,21-Sep-07,ARV,Adult,SCMS from RDC,SKU0058,"Abacavir 300mg, tablets, 60 Tabs",Generic,60,960,34080,35.5,0.59,"Aurobindo Unit III, India",See DN-304 (ID#:10589),See DN-304 (ID#:10589),54.53
12090,Mozambique,PMO - US,From RDC,N/A - From RDC,Air,21-Sep-07,21-Sep-07,ARV,Adult,SCMS from RDC,SKU0094,"Indinavir 400mg [Crixivan], capsules, 180 Caps",Crixivan,180,740,36496.8,49.32,0.27,MSD Elkton USA,See DN-304 (ID#:10589),See DN-304 (ID#:10589),58.39
12091,Mozambique,PMO - US,From RDC,N/A - From RDC,Air,21-Sep-07,21-Sep-07,ARV,Adult,SCMS from RDC,SKU0027,"Saquinavir 200mg [Invirase], capsules, 270 Caps",Invirase,270,521,39747.09,76.29,0.28,Roche Basel,See DN-304 (ID#:10589),See DN-304 (ID#:10589),63.6
12092,Mozambique,PMO - US,From RDC,N/A - From RDC,Air,21-Sep-07,21-Sep-07,ARV,Adult,SCMS from RDC,SKU0021,"Tenofovir Disoproxil Fumarate 300mg [Viread], tablets, 30 Tabs",Viread,30,3318,56406,17,0.57,Gilead(Nycomed) Oranienburg DE,See DN-304 (ID#:10589),See DN-304 (ID#:10589),90.25
12093,Mozambique,PMO - US,From RDC,N/A - From RDC,Air,21-Sep-07,21-Sep-07,ARV,Adult,SCMS from RDC,SKU0008,"Lopinavir/Ritonavir 200/50mg [Aluvia], tablets, 120 Tabs",Aluvia,120,2698,110887.8,41.1,0.34,ABBVIE Ludwigshafen Germany,See DN-304 (ID#:10589),See DN-304 (ID#:10589),177.42
12094,Mozambique,PMO - US,From RDC,N/A - From RDC,Air,21-Sep-07,21-Sep-07,ARV,Adult,SCMS from RDC,SKU0026,"Efavirenz 600mg, tablets, 30 Tabs",Generic,30,25913,434042.75,16.75,0.56,"Cipla, Goa, India",See DN-304 (ID#:10589),See DN-304 (ID#:10589),694.47
12100,Rwanda,PMO - US,From RDC,N/A - From RDC,Air,16-Oct-07,16-Oct-07,HRDT,HIV test,SCMS from RDC,SKU0009,"HIV 1/2, Uni-Gold HIV Kit, 20 Tests",Uni-Gold,20,1883,60256,32,1.6,"Trinity Biotech, Plc",627,7670.04,96.41
12107,Zambia,PMO - US,From RDC,N/A - From RDC,,7-Sep-07,7-Sep-07,ARV,Pediatric,SCMS from RDC,SKU0071,"Abacavir 20mg/ml, oral solution, Bottle, 240 ml",Generic,240,1000,16500,16.5,0.07,"Aurobindo Unit III, India",355,1886.39,26.4
12109,Ethiopia,PMO - US,From RDC,N/A - From RDC,,4-Sep-07,4-Sep-07,ARV,Pediatric,SCMS from RDC,SKU0048,"Lamivudine 10mg/ml, oral solution, Bottle, 240 ml",Generic,240,11950,23541.5,1.97,0.01,"Aurobindo Unit III, India",See DN-332 (ID#:10613),See DN-332 (ID#:10613),37.67
12110,Ethiopia,PMO - US,From RDC,N/A - From RDC,,4-Sep-07,4-Sep-07,ARV,Adult,SCMS from RDC,SKU0003,"Lamivudine 150mg, tablets, 60 Tabs",Generic,60,46855,142439.2,3.04,0.05,"Aurobindo Unit III, India",See DN-332 (ID#:10613),See DN-332 (ID#:10613),227.9
12112,Rwanda,PMO - US,From RDC,N/A - From RDC,Air,14-Sep-07,14-Sep-07,HRDT,HIV test,SCMS from RDC,SKU0013,"HIV 1/2/O, First Response HIV 1-2.0, v.3.0 Cards Kit, 30 Tests",First Response,30,1883,31069.5,16.5,0.55,Premier Med. Corp Ltd. India,752,4436.76,49.71
12113,Zimbabwe,PMO - US,From RDC,N/A - From RDC,Truck,20-Sep-07,20-Sep-07,ARV,Adult,SCMS from RDC,SKU0044,"Lamivudine/Nevirapine/Stavudine 150/200/30mg, tablets, 60 Tabs",Generic,60,37240,275576,7.4,0.12,"Cipla, Goa, India",See DN-355 (ID#:11787),See DN-355 (ID#:11787),440.92
12120,Mozambique,PMO - US,From RDC,N/A - From RDC,Air,30-Nov-07,30-Nov-07,HRDT,HIV test,SCMS from RDC,SKU0009,"HIV 1/2, Uni-Gold HIV Kit, 20 Tests",Uni-Gold,20,3480,111360,32,1.6,"Trinity Biotech, Plc",2766,10698.63,178.18
12122,Côte d'Ivoire,PMO - US,From RDC,N/A - From RDC,Air,13-Nov-07,13-Nov-07,ARV,Adult,SCMS from RDC,SKU0052,"Ritonavir 100mg [Norvir], capsules, cool, 4 x 84 Caps",Norvir,336,1200,46032,38.36,0.11,ABBVIE (Abbott) France,See DN-423 (ID#:11194),See DN-423 (ID#:11194),73.65
12123,Zimbabwe,PMO - US,From RDC,N/A - From RDC,Air,16-Nov-07,16-Nov-07,ARV,Adult,SCMS from RDC,SKU0098,"Lamivudine/Stavudine 150/30mg, tablets, 30 Tabs",Generic,30,1062,2124,2,0.07,"Cipla, Goa, India",See DN-424 (ID#:10905),See DN-424 (ID#:10905),3.4
12125,Guyana,PMO - US,From RDC,N/A - From RDC,Air,7-Nov-07,7-Nov-07,ARV,Adult,SCMS from RDC,SKU0011,"Lamivudine/Zidovudine 150/300mg, tablets, 60 Tabs",Generic,60,1848,17556,9.5,0.16,"Aurobindo Unit III, India",402,4807,28.09
12126,Haiti,PMO - US,From RDC,N/A - From RDC,Air,5-Dec-07,5-Dec-07,ARV,Adult,SCMS from RDC,SKU0004,"Stavudine 30mg, capsules, 60 Caps",Generic,60,3000,4560,1.52,0.03,"Aurobindo Unit III, India",See DN-458 (ID#:11814),See DN-458 (ID#:11814),7.3
12127,Côte d'Ivoire,PMO - US,From RDC,N/A - From RDC,Air,22-Nov-07,22-Nov-07,ARV,Adult,SCMS from RDC,SKU0058,"Abacavir 300mg, tablets, 60 Tabs",Generic,60,3260,228200,70,1.17,"Aurobindo Unit III, India",See DN-442 (ID#:11202),See DN-442 (ID#:11202),365.12
12128,Côte d'Ivoire,PMO - US,From RDC,N/A - From RDC,Air,25-Jan-08,25-Jan-08,HRDT,HIV test - Ancillary,SCMS from RDC,SKU0022,"HIV, Lancet, Safety, for HIV Test kits, 100 Pcs",Generic,100,1250,12.5,0.01,0,Inverness Japan,See DN-545 (ID#:11817),See DN-545 (ID#:11817),0.02
12129,Haiti,PMO - US,From RDC,N/A - From RDC,Air,22-Jan-08,22-Jan-08,ARV,Adult,SCMS from RDC,SKU0011,"Lamivudine/Zidovudine 150/300mg, tablets, 60 Tabs",Generic,60,32160,305520,9.5,0.16,"Aurobindo Unit III, India",See DN-445 (ID#:10640),See DN-445 (ID#:10640),488.83
12130,Nigeria,PMO - US,From RDC,N/A - From RDC,Air,3-Dec-07,3-Dec-07,ARV,Adult,SCMS from RDC,SKU0099,"Lamivudine/Nevirapine/Stavudine 150/200/40mg, tablets, 60 Tabs",Generic,60,1190,9163,7.7,0.13,"Cipla, Goa, India",See DN-475 (ID#:10642),See DN-475 (ID#:10642),14.66
12131,Nigeria,PMO - US,From RDC,N/A - From RDC,Air,3-Dec-07,3-Dec-07,ARV,Pediatric,SCMS from RDC,SKU0048,"Lamivudine 10mg/ml, oral solution, Bottle, 240 ml",Generic,240,1283,3322.97,2.59,0.01,"Cipla, Goa, India",See DN-475 (ID#:10642),See DN-475 (ID#:10642),5.32
12133,Namibia,PMO - US,From RDC,N/A - From RDC,Air,30-Nov-07,30-Nov-07,HRDT,HIV test,SCMS from RDC,SKU0055,"HIV 1/2, Clearview Complete Kit, 25 Tests",Clearview,25,200,15000,75,3,Inverness USA,122,1100.4,24
12135,Zambia,PMO - US,From RDC,N/A - From RDC,,12-Dec-07,12-Dec-07,ARV,Adult,SCMS from RDC,SKU0007,"Nevirapine 200mg, tablets, 60 Tabs",Generic,60,60440,205496,3.4,0.06,"Aurobindo Unit III, India",5725,15671.53,328.79
12136,Ethiopia,PMO - US,From RDC,N/A - From RDC,,20-Dec-07,20-Dec-07,ARV,Adult,SCMS from RDC,SKU0003,"Lamivudine 150mg, tablets, 60 Tabs",Generic,60,14040,42681.6,3.04,0.05,"Aurobindo Unit III, India",See DN-495 (ID#:11824),See DN-495 (ID#:11824),68.29
12138,Ethiopia,PMO - US,From RDC,N/A - From RDC,Air,20-Dec-07,20-Dec-07,ARV,Adult,SCMS from RDC,SKU0011,"Lamivudine/Zidovudine 150/300mg, tablets, 60 Tabs",Generic,60,1797,17071.5,9.5,0.16,"Aurobindo Unit III, India",170,892,27.31
12139,Côte d'Ivoire,PMO - US,From RDC,N/A - From RDC,Air,10-Dec-07,10-Dec-07,ARV,Adult,SCMS from RDC,SKU0094,"Indinavir 400mg [Crixivan], capsules, 180 Caps",Crixivan,180,2450,122500,50,0.28,"MSD, Haarlem, NL",See DN-478 (ID#:10645),See DN-478 (ID#:10645),196
12143,Ethiopia,PMO - US,From RDC,N/A - From RDC,Air,20-Dec-07,20-Dec-07,ARV,Adult,SCMS from RDC,SKU0007,"Nevirapine 200mg, tablets, 60 Tabs",Generic,60,1255,4267,3.4,0.06,"Aurobindo Unit III, India",120,1318,6.83
12144,Mozambique,PMO - US,From RDC,N/A - From RDC,Air,8-Apr-08,5-Apr-08,ARV,Adult,SCMS from RDC,SKU0094,"Indinavir 400mg [Crixivan], capsules, 180 Caps",Crixivan,180,665,33250,50,0.28,"MSD, Haarlem, NL",See DN-601 (ID#:10651),See DN-601 (ID#:10651),53.2
12145,Mozambique,PMO - US,From RDC,N/A - From RDC,Air,8-Apr-08,5-Apr-08,ARV,Adult,SCMS from RDC,SKU0056,"Ritonavir 100mg [Norvir], capsules, cool, 84 Caps",Norvir,84,760,7288.4,9.59,0.11,ABBVIE (Abbott) Logis. UK,See DN-601 (ID#:10651),See DN-601 (ID#:10651),11.66
12146,Zimbabwe,PMO - US,From RDC,N/A - From RDC,Air,14-Jan-08,14-Jan-08,ARV,Adult,SCMS from RDC,SKU0026,"Efavirenz 600mg, tablets, 30 Tabs",Generic,30,1860,23101.2,12.42,0.41,"Cipla, Goa, India",See DN-488 (ID#:10652),See DN-488 (ID#:10652),36.96
12147,Zimbabwe,PMO - US,From RDC,N/A - From RDC,Air,14-Jan-08,14-Jan-08,ARV,Adult,SCMS from RDC,SKU0026,"Efavirenz 600mg, tablets, 30 Tabs",Generic,30,1860,23101.2,12.42,0.41,"Cipla, Goa, India",See DN-488 (ID#:10652),See DN-488 (ID#:10652),36.96
12148,Uganda,PMO - US,From RDC,N/A - From RDC,Air,15-Jan-08,15-Jan-08,ARV,Adult,SCMS from RDC,SKU0011,"Lamivudine/Zidovudine 150/300mg, tablets, 60 Tabs",Generic,60,16,152,9.5,0.16,"Cipla, Goa, India",See DN-489 (ID#:11516),See DN-489 (ID#:11516),0.24
12149,Zimbabwe,PMO - US,From RDC,N/A - From RDC,Truck,7-Dec-07,7-Dec-07,ARV,Adult,SCMS from RDC,SKU0011,"Lamivudine/Zidovudine 150/300mg, tablets, 60 Tabs",Generic,60,1560,14820,9.5,0.16,"Aurobindo Unit III, India",147,1671.84,23.71
12150,Zambia,PMO - US,From RDC,N/A - From RDC,Air,14-Feb-08,14-Feb-08,ARV,Adult,SCMS from RDC,SKU0058,"Abacavir 300mg, tablets, 60 Tabs",Generic,60,8251,227150.03,27.53,0.46,"Aurobindo Unit III, India",822,3303.52,363.44
12151,Haiti,PMO - US,From RDC,N/A - From RDC,Air,4-Mar-08,21-Feb-08,ARV,Pediatric,SCMS from RDC,SKU0076,"Stavudine 1mg/ml, powder for oral solution, 200 ml",Generic,200,300,420,1.4,0.01,"Aurobindo Unit III, India",See DN-614 (ID#:11219),See DN-614 (ID#:11219),0.67
12154,Zambia,PMO - US,From RDC,N/A - From RDC,,25-Jan-08,25-Jan-08,ARV,Pediatric,SCMS from RDC,SKU0001,"Nevirapine 10mg/ml, oral suspension, Bottle, 240 ml",Generic,240,1004,6224.8,6.2,0.03,"Aurobindo Unit III, India",358,1778.7,9.96
12155,Haiti,PMO - US,From RDC,N/A - From RDC,Air,22-Jan-08,22-Jan-08,ARV,Adult,SCMS from RDC,SKU0003,"Lamivudine 150mg, tablets, 60 Tabs",Generic,60,5000,15200,3.04,0.05,"Ranbaxy, Paonta Shahib, India",See DN-445 (ID#:10640),See DN-445 (ID#:10640),24.32
12159,Namibia,PMO - US,From RDC,N/A - From RDC,Air,13-Feb-08,13-Feb-08,ARV,Adult,SCMS from RDC,SKU0026,"Efavirenz 600mg, tablets, 30 Tabs",Generic,30,19000,228190,12.01,0.4,"Aurobindo Unit III, India",1485,3016.95,365.1
12163,Kenya,PMO - US,From RDC,N/A - From RDC,Truck,27-Feb-08,1-Feb-08,HRDT,HIV test,SCMS from RDC,SKU0019,"HIV 1/2, Bioline 3.0 Kit, Lancets, Capillary pipets, Alcohol swabs included, 25 Tests",Bioline,25,1842,36840,20,0.8,"Standard Diagnostics, Korea",662,261.86,58.94
12164,Nigeria,PMO - US,From RDC,N/A - From RDC,Air,18-Apr-08,18-Apr-08,ARV,Adult,SCMS from RDC,SKU0003,"Lamivudine 150mg, tablets, 60 Tabs",Generic,60,307,893.37,2.91,0.05,"Aurobindo Unit III, India",See DN-717 (ID#:11858),See DN-717 (ID#:11858),1.43
12165,Zimbabwe,PMO - US,From RDC,N/A - From RDC,Air,11-Jun-08,11-Jun-08,ARV,Adult,SCMS from RDC,SKU0044,"Lamivudine/Nevirapine/Stavudine 150/200/30mg, tablets, 60 Tabs",Generic,60,37240,275576,7.4,0.12,"Cipla, Goa, India",See DN-756 (ID#:11866),See DN-756 (ID#:11866),440.92
12166,Haiti,PMO - US,From RDC,N/A - From RDC,Air,16-Jul-08,16-Jul-08,ARV,Adult,SCMS from RDC,SKU0007,"Nevirapine 200mg, tablets, 60 Tabs",Generic,60,1057,3593.8,3.4,0.06,"Aurobindo Unit III, India",100,1651,5.75
12167,Guyana,PMO - US,From RDC,N/A - From RDC,,21-Feb-08,21-Feb-08,HRDT,HIV test,SCMS from RDC,SKU0016,"HIV 1/2, Stat-Pak HIV, Kit, 20 Tests",Stat-Pak,20,45,1215,27,1.35,Chembio Diagnostics Sys. Inc.,13,798.58,1.94
12168,Nigeria,PMO - US,From RDC,N/A - From RDC,Air,14-Feb-08,14-Feb-08,ARV,Adult,SCMS from RDC,SKU0004,"Stavudine 30mg, capsules, 60 Caps",Generic,60,447,679.44,1.52,0.03,"Aurobindo Unit III, India",1054,2722.38,1.09
12169,Tanzania,PMO - US,From RDC,N/A - From RDC,,1-Apr-08,1-Apr-08,ARV,Adult,SCMS from RDC,SKU0026,"Efavirenz 600mg, tablets, 30 Tabs",Generic,30,32997,409822.74,12.42,0.41,"Aurobindo Unit III, India",2867,10288.1,655.72
12170,Haiti,PMO - US,From RDC,N/A - From RDC,Air,2-Jun-08,2-Jun-08,ARV,Pediatric,SCMS from RDC,SKU0071,"Abacavir 20mg/ml, oral solution, Bottle, 240 ml",Generic,240,160,2640,16.5,0.07,"Aurobindo Unit III, India",See DN-742 (ID#:11537),See DN-742 (ID#:11537),4.22
12171,Zambia,PMO - US,From RDC,N/A - From RDC,,9-May-08,9-May-08,ARV,Adult,SCMS from RDC,SKU0011,"Lamivudine/Zidovudine 150/300mg, tablets, 60 Tabs",Generic,60,50000,472500,9.45,0.16,"Aurobindo Unit III, India",4655,2347.91,756
12172,Uganda,PMO - US,From RDC,N/A - From RDC,Air,2-Jun-08,2-Jun-08,ARV,Adult,SCMS from RDC,SKU0026,"Efavirenz 600mg, tablets, 30 Tabs",Generic,30,860,10328.6,12.01,0.4,"Aurobindo Unit III, India",76,675,16.53
12174,Nigeria,PMO - US,From RDC,N/A - From RDC,Air,16-Jul-08,16-Jul-08,ARV,Adult,SCMS from RDC,SKU0003,"Lamivudine 150mg, tablets, 60 Tabs",Generic,60,957,2775.3,2.9,0.05,"Aurobindo Unit III, India",See DN-833 (ID#:11243),See DN-833 (ID#:11243),4.44
12175,Nigeria,PMO - US,From RDC,N/A - From RDC,Air,16-Jul-08,16-Jul-08,ARV,Adult,SCMS from RDC,SKU0004,"Stavudine 30mg, capsules, 60 Caps",Generic,60,7876,11971.52,1.52,0.03,"Aurobindo Unit III, India",See DN-834 (ID#:10686),See DN-834 (ID#:10686),19.15
12176,Uganda,PMO - US,From RDC,N/A - From RDC,Air,4-Aug-08,4-Aug-08,ARV,Adult,SCMS from RDC,SKU0054,"Lamivudine/Nevirapine/Zidovudine 150/200/300mg, tablets, 60 Tabs",Generic,60,7296,96890.88,13.28,0.22,"Aurobindo Unit III, India",824,3182.52,155.03
12177,Zambia,PMO - US,From RDC,N/A - From RDC,,17-Mar-08,17-Mar-08,ARV,Pediatric,SCMS from RDC,SKU0048,"Lamivudine 10mg/ml, oral solution, Bottle, 240 ml",Generic,240,30563,60209.11,1.97,0.01,"Aurobindo Unit III, India",10621,37199.06,96.33
12178,Haiti,PMO - US,From RDC,N/A - From RDC,Air,1-Aug-08,1-Aug-08,ARV,Adult,SCMS from RDC,SKU0011,"Lamivudine/Zidovudine 150/300mg, tablets, 60 Tabs",Generic,60,16752,158306.4,9.45,0.16,"Aurobindo Unit III, India",1580,11572,253.29
12179,Nigeria,PMO - US,From RDC,N/A - From RDC,Air,3-Aug-08,3-Aug-08,ARV,Adult,SCMS from RDC,SKU0004,"Stavudine 30mg, capsules, 60 Caps",Generic,60,850,1317.5,1.55,0.03,"Aurobindo Unit III, India",555,10575.63,2.11
12180,Zambia,PMO - US,From RDC,N/A - From RDC,Truck,20-Aug-08,20-Aug-08,ARV,Adult,SCMS from RDC,SKU0044,"Lamivudine/Nevirapine/Stavudine 150/200/30mg, tablets, 60 Tabs",Generic,60,60000,432000,7.2,0.12,"Strides, Bangalore, India.",See DN-839 (ID#:10961),See DN-839 (ID#:10961),691.2
12181,Nigeria,PMO - US,From RDC,N/A - From RDC,Air,3-Aug-08,3-Aug-08,ARV,Adult,SCMS from RDC,SKU0058,"Abacavir 300mg, tablets, 60 Tabs",Generic,60,4,105.2,26.3,0.44,Mylan (formerly Matrix) Nashik,See DN-840 (ID#:12179),See DN-840 (ID#:12179),0.17
12182,Nigeria,PMO - US,From RDC,N/A - From RDC,Air,3-Aug-08,3-Aug-08,ARV,Adult,SCMS from RDC,SKU0044,"Lamivudine/Nevirapine/Stavudine 150/200/30mg, tablets, 60 Tabs",Generic,60,4685,34669,7.4,0.12,"Cipla, Goa, India",See DN-840 (ID#:12179),See DN-840 (ID#:12179),55.47
12183,Guyana,PMO - US,From RDC,N/A - From RDC,Air,25-Jul-08,25-Jul-08,ARV,Adult,SCMS from RDC,SKU0007,"Nevirapine 200mg, tablets, 60 Tabs",Generic,60,3710,12614,3.4,0.06,"Aurobindo Unit III, India",See DN-841 (ID#:11540),See DN-841 (ID#:11540),20.18
12184,Zambia,PMO - US,From RDC,N/A - From RDC,,19-Jun-08,19-Jun-08,ARV,Pediatric,SCMS from RDC,SKU0042,"Lopinavir/Ritonavir 80/20mg/ml [Kaletra], oral solution, cool, Bottle 5 x 60 ml",Kaletra,300,1260,51786,41.1,0.14,ABBVIE (Abbott) Logis. UK,1185,2350.53,82.86
12185,Zambia,PMO - US,From RDC,N/A - From RDC,,16-Jun-08,16-Jun-08,ARV,Pediatric,SCMS from RDC,SKU0066,"Efavirenz 200mg, capsule, 90 Caps",Generic,90,3330,53280,16,0.18,"Aurobindo Unit III, India",404,2313.55,85.25
12186,Haiti,PMO - US,From RDC,N/A - From RDC,Air,21-Mar-08,21-Mar-08,ARV,Adult,SCMS from RDC,SKU0004,"Stavudine 30mg, capsules, 60 Caps",Generic,60,4305,6543.6,1.52,0.03,"Aurobindo Unit III, India",See DN-682 (ID#:10963),See DN-682 (ID#:10963),10.47
12187,Haiti,PMO - US,From RDC,N/A - From RDC,Air,21-Mar-08,21-Mar-08,ARV,Pediatric,SCMS from RDC,SKU0092,"Didanosine 200mg, chewable/dispersible tablets, 60 Tabs",Generic,60,75,1162.5,15.5,0.26,"Aurobindo Unit III, India",See DN-682 (ID#:10963),See DN-682 (ID#:10963),1.86
12188,Haiti,PMO - US,From RDC,N/A - From RDC,Air,21-Mar-08,21-Mar-08,ARV,Adult,SCMS from RDC,SKU0058,"Abacavir 300mg, tablets, 60 Tabs",Generic,60,190,5230.7,27.53,0.46,Mylan (formerly Matrix) Nashik,See DN-682 (ID#:10963),See DN-682 (ID#:10963),8.37
12189,Uganda,PMO - US,From RDC,N/A - From RDC,Air,22-Jul-08,22-Jul-08,ARV,Pediatric,SCMS from RDC,SKU0005,"Zidovudine 10mg/ml, oral solution, Bottle, 240 ml",Generic,240,6036,12675.6,2.1,0.01,"Aurobindo Unit III, India",2253,15923.41,20.28
12191,Namibia,PMO - US,From RDC,N/A - From RDC,Air,19-Mar-08,19-Mar-08,HRDT,HIV test,SCMS from RDC,SKU0055,"HIV 1/2, Clearview Complete Kit, 25 Tests",Clearview,25,229,17175,75,3,Inverness USA,140,1286.7,27.48
12192,Nigeria,PMO - US,From RDC,N/A - From RDC,Air,21-Apr-08,21-Apr-08,ARV,Pediatric,SCMS from RDC,SKU0076,"Stavudine 1mg/ml, powder for oral solution, 200 ml",Generic,200,55,77,1.4,0.01,"Aurobindo Unit III, India",See DN-718 (ID#:10968),See DN-718 (ID#:10968),0.12
12195,Tanzania,PMO - US,From RDC,N/A - From RDC,Air,28-Mar-08,28-Mar-08,ARV,Adult,SCMS from RDC,SKU0026,"Efavirenz 600mg, tablets, 30 Tabs",Generic,30,17000,211140,12.42,0.41,"Aurobindo Unit III, India",6007,20395.6,337.82
12196,Mozambique,PMO - US,From RDC,N/A - From RDC,Truck,7-Aug-08,7-Aug-08,ARV,Adult,SCMS from RDC,SKU0014,"Zidovudine 300mg, tablets, 60 Tabs",Generic,60,7110,57946.5,8.15,0.14,"Aurobindo Unit III, India",See DN-810 (ID#:11257),See DN-810 (ID#:11257),92.71
12197,Zambia,PMO - US,From RDC,N/A - From RDC,,10-Apr-08,10-Apr-08,ARV,Adult,SCMS from RDC,SKU0026,"Efavirenz 600mg, tablets, 30 Tabs",Generic,30,50000,600500,12.01,0.4,Mylan (formerly Matrix) Nashik,3897,15007.8,960.8
12198,Mozambique,PMO - US,From RDC,N/A - From RDC,Air,23-Jun-08,23-Jun-08,ARV,Adult,SCMS from RDC,SKU0056,"Ritonavir 100mg [Norvir], capsules, cool, 84 Caps",Norvir,84,360,3452.4,9.59,0.11,ABBVIE (Abbott) Logis. UK,See DN-698 (ID#:10970),See DN-698 (ID#:10970),5.52
12199,Botswana,PMO - US,From RDC,N/A - From RDC,Truck,25-Mar-08,25-Mar-08,HRDT,HIV test,SCMS from RDC,SKU0017,"HIV 1/2, Determine HIV Kit, without Lancets, 100 Tests",Determine,100,200,14398,71.99,0.72,Inverness Japan,1693,1220.73,23.04
12200,Botswana,PMO - US,From RDC,N/A - From RDC,Truck,25-Mar-08,25-Mar-08,HRDT,HIV test - Ancillary,SCMS from RDC,SKU0022,"HIV, Lancet, Safety, for HIV Test kits, 100 Pcs",Generic,100,200,2,0.01,0,Inverness Japan,See DN-678 (ID#:12199),See DN-678 (ID#:12199),0
12201,Botswana,PMO - US,From RDC,N/A - From RDC,Truck,25-Mar-08,25-Mar-08,HRDT,HIV test,SCMS from RDC,SKU0009,"HIV 1/2, Uni-Gold HIV Kit, 20 Tests",Uni-Gold,20,1000,32000,32,1.6,"Trinity Biotech, Plc",See DN-678 (ID#:12199),See DN-678 (ID#:12199),51.2
12202,Kenya,PMO - US,From RDC,N/A - From RDC,Truck,31-Mar-08,31-Mar-08,HRDT,HIV test,SCMS from RDC,SKU0017,"HIV 1/2, Determine HIV Kit, without Lancets, 100 Tests",Determine,100,2000,159980,79.99,0.8,Inverness Japan,490,405.97,255.97
12203,Nigeria,PMO - US,From RDC,N/A - From RDC,Air,9-May-08,9-May-08,ARV,Adult,SCMS from RDC,SKU0007,"Nevirapine 200mg, tablets, 60 Tabs",Generic,60,1666,5664.4,3.4,0.06,"Aurobindo Unit III, India",See DN-729 (ID#:11895),See DN-729 (ID#:11895),9.06
12204,Ethiopia,PMO - US,From RDC,N/A - From RDC,Air,21-Apr-08,21-Apr-08,ARV,Adult,SCMS from RDC,SKU0007,"Nevirapine 200mg, tablets, 60 Tabs",Generic,60,1440,4896,3.4,0.06,Hetero Unit III Hyderabad IN,See DN-703 (ID#:11263),See DN-703 (ID#:11263),7.83
12205,Namibia,PMO - US,From RDC,N/A - From RDC,Air,17-Apr-08,17-Apr-08,HRDT,HIV test - Ancillary,SCMS from RDC,SKU0022,"HIV, Lancet, Safety, for HIV Test kits, 100 Pcs",Generic,100,90,0.9,0.01,0,Inverness Japan,See DN-650 (ID#:11897),See DN-650 (ID#:11897),0
12206,Namibia,PMO - US,From RDC,N/A - From RDC,Air,11-Mar-08,11-Mar-08,HRDT,HIV test,SCMS from RDC,SKU0009,"HIV 1/2, Uni-Gold HIV Kit, 20 Tests",Uni-Gold,20,763,24416,32,1.6,"Trinity Biotech, Plc",441,6148.1,39.07
12207,Kenya,PMO - US,From RDC,N/A - From RDC,Truck,26-May-08,26-May-08,HRDT,HIV test,SCMS from RDC,SKU0017,"HIV 1/2, Determine HIV Kit, without Lancets, 100 Tests",Determine,100,1000,79990,79.99,0.8,Inverness Japan,Weight Captured Separately,Invoiced Separately,127.98
12210,Uganda,PMO - US,From RDC,N/A - From RDC,Air,21-Aug-08,21-Aug-08,ARV,Adult,SCMS from RDC,SKU0026,"Efavirenz 600mg, tablets, 30 Tabs",Generic,30,1300,15613,12.01,0.4,"Aurobindo Unit III, India",See DN-818 (ID#:11270),See DN-818 (ID#:11270),24.98
12211,Haiti,PMO - US,From RDC,N/A - From RDC,Air,31-Mar-09,31-Mar-09,ARV,Pediatric,SCMS from RDC,SKU0049,"Efavirenz 50mg, capsule, 30 Caps",Generic,30,1446,3239.04,2.24,0.07,"Aurobindo Unit III, India",83,1608.72,6.35
12212,Zimbabwe,PMO - US,From RDC,N/A - From RDC,Truck,19-Nov-08,19-Nov-08,ARV,Adult,SCMS from RDC,SKU0026,"Efavirenz 600mg, tablets, 30 Tabs",Generic,30,4000,48040,12.01,0.4,"Aurobindo Unit III, India",See DN-1015 (ID#:11561),See DN-1015 (ID#:11561),94.16
12213,Côte d'Ivoire,PMO - US,From RDC,N/A - From RDC,Air,5-Jan-09,5-Jan-09,ARV,Adult,SCMS from RDC,SKU0011,"Lamivudine/Zidovudine 150/300mg, tablets, 60 Tabs",Generic,60,27224,254544.4,9.35,0.16,"Aurobindo Unit III, India",2506,23382.04,498.91
12214,Côte d'Ivoire,PMO - US,From RDC,N/A - From RDC,Air,10-Feb-09,10-Feb-09,ARV,Adult,SCMS from RDC,SKU0104,"Lamivudine/Stavudine 150/30mg, tablets, 60 Tabs",Generic,60,21360,83304,3.9,0.06,Mylan (formerly Matrix) Nashik,1567,21821.95,163.28
12215,Côte d'Ivoire,PMO - US,From RDC,N/A - From RDC,Air,19-Jan-09,19-Jan-09,ARV,Adult,SCMS from RDC,SKU0054,"Lamivudine/Nevirapine/Zidovudine 150/200/300mg, tablets, 60 Tabs",Generic,60,10000,118000,11.8,0.2,"Aurobindo Unit III, India",1456,5048.32,231.28
12216,Uganda,PMO - US,From RDC,N/A - From RDC,Air,2-Apr-09,2-Apr-09,ARV,Adult,SCMS from RDC,SKU0026,"Efavirenz 600mg, tablets, 30 Tabs",Generic,30,3713,40843,11,0.37,"Aurobindo Unit III, India",See DN-1143 (ID#:10711),See DN-1143 (ID#:10711),80.05
12218,Kenya,PMO - US,From RDC,N/A - From RDC,Truck,21-Oct-08,21-Oct-08,HRDT,HIV test,SCMS from RDC,SKU0017,"HIV 1/2, Determine HIV Kit, without Lancets, 100 Tests",Determine,100,5000,399950,79.99,0.8,Inverness Japan,See DN-964 (ID#:10987),See DN-964 (ID#:10987),783.9
12219,Uganda,PMO - US,From RDC,N/A - From RDC,Air,3-Mar-09,3-Mar-09,ARV,Adult,SCMS from RDC,SKU0053,"Emtricitabine/Tenofovir Disoproxil Fumarate 200/300mg [Truvada], tablets, 30 Tabs",Truvada,30,1166,30607.5,26.25,0.88,"Aspen-OSD, Port Elizabeth, SA",145,1742.25,59.99
12220,Uganda,PMO - US,From RDC,N/A - From RDC,Air,3-Mar-09,3-Mar-09,ARV,Adult,SCMS from RDC,SKU0054,"Lamivudine/Nevirapine/Zidovudine 150/200/300mg, tablets, 60 Tabs",Generic,60,312,3681.6,11.8,0.2,"Aurobindo Unit III, India",See DN-1083 (ID#:12219),See DN-1083 (ID#:12219),7.22
12222,Nigeria,PMO - US,From RDC,N/A - From RDC,Air,18-Aug-08,18-Aug-08,ARV,Adult,SCMS from RDC,SKU0003,"Lamivudine 150mg, tablets, 60 Tabs",Generic,60,1300,3770,2.9,0.05,"Aurobindo Unit III, India",65,1020.98,6.03
12224,Nigeria,PMO - US,From RDC,N/A - From RDC,Air,28-Sep-08,28-Sep-08,ARV,Adult,SCMS from RDC,SKU0053,"Emtricitabine/Tenofovir Disoproxil Fumarate 200/300mg [Truvada], tablets, 30 Tabs",Truvada,30,45000,1181250,26.25,0.88,"Aspen-OSD, Port Elizabeth, SA",See DN-921 (ID#:11917),See DN-921 (ID#:11917),1890
12225,Zambia,PMO - US,From RDC,N/A - From RDC,Air,27-Aug-08,27-Aug-08,ARV,Adult,SCMS from RDC,SKU0007,"Nevirapine 200mg, tablets, 60 Tabs",Generic,60,39068,132831.2,3.4,0.06,Hetero Unit III Hyderabad IN,4510,3540.35,212.53
12228,Nigeria,PMO - US,From RDC,N/A - From RDC,Air,28-Sep-08,28-Sep-08,ARV,Adult,SCMS from RDC,SKU0053,"Emtricitabine/Tenofovir Disoproxil Fumarate 200/300mg [Truvada], tablets, 30 Tabs",Truvada,30,45000,1181250,26.25,0.88,"Aspen-OSD, Port Elizabeth, SA",3951,11584.54,1890
12230,Mozambique,PMO - US,From RDC,N/A - From RDC,Air,21-Feb-09,21-Feb-09,ARV,Adult,SCMS from RDC,SKU0104,"Lamivudine/Stavudine 150/30mg, tablets, 60 Tabs",Generic,60,27150,105885,3.9,0.06,Mylan (formerly Matrix) Nashik,See DN-1034 (ID#:10732),See DN-1034 (ID#:10732),207.53
12231,Mozambique,PMO - US,From RDC,N/A - From RDC,Air,21-Feb-09,21-Feb-09,ARV,Adult,SCMS from RDC,SKU0007,"Nevirapine 200mg, tablets, 60 Tabs",Generic,60,6,19.2,3.2,0.05,Hetero Unit III Hyderabad IN,See DN-1034 (ID#:10732),See DN-1034 (ID#:10732),0.04
12232,Zimbabwe,PMO - US,From RDC,N/A - From RDC,Truck,16-Feb-09,16-Feb-09,ARV,Adult,SCMS from RDC,SKU0098,"Lamivudine/Stavudine 150/30mg, tablets, 30 Tabs",Generic,30,8000,16000,2,0.07,"Cipla, Goa, India",See DN-1044 (ID#:10996),See DN-1044 (ID#:10996),31.36
12233,Zambia,PMO - US,From RDC,N/A - From RDC,Truck,20-Aug-08,20-Aug-08,ARV,Pediatric,SCMS from RDC,SKU0082,"Didanosine 100mg, chewable/dispersible tablets, 60 Tabs",Generic,60,3600,27900,7.75,0.13,"Aurobindo Unit III, India",750,813.75,44.64
12234,Zambia,PMO - US,From RDC,N/A - From RDC,Truck,20-Aug-08,20-Aug-08,ARV,Adult,SCMS from RDC,SKU0026,"Efavirenz 600mg, tablets, 30 Tabs",Generic,30,50000,600500,12.01,0.4,Mylan (formerly Matrix) Nashik,3841,3558.49,960.8
12235,Mozambique,PMO - US,From RDC,N/A - From RDC,Truck,5-Sep-08,5-Sep-08,ARV,Adult,SCMS from RDC,SKU0044,"Lamivudine/Nevirapine/Stavudine 150/200/30mg, tablets, 60 Tabs",Generic,60,76128,548121.6,7.2,0.12,"Strides, Bangalore, India.",Weight Captured Separately,Freight Included in Commodity Cost,876.99
12236,Nigeria,PMO - US,From RDC,N/A - From RDC,Air,10-Sep-08,10-Sep-08,ARV,Adult,SCMS from RDC,SKU0029,"Tenofovir Disoproxil Fumarate 300mg, tablets, 30 Tabs",Generic,30,196,2677.36,13.66,0.46,Mylan (formerly Matrix) Nashik,12,900,4.28
12237,Ethiopia,PMO - US,From RDC,N/A - From RDC,Air,3-Feb-09,3-Feb-09,ARV,Adult,SCMS from RDC,SKU0044,"Lamivudine/Nevirapine/Stavudine 150/200/30mg, tablets, 60 Tabs",Generic,60,22918,163176.16,7.12,0.12,"Strides, Bangalore, India.",1689,9189.57,319.83
12238,Tanzania,PMO - US,From RDC,N/A - From RDC,Truck,9-Mar-09,9-Mar-09,ARV,Adult,SCMS from RDC,SKU0021,"Tenofovir Disoproxil Fumarate 300mg [Viread], tablets, 30 Tabs",Viread,30,883,15011,17,0.57,"Aspen-OSD, Port Elizabeth, SA",70,1169.9,29.42
12242,Côte d'Ivoire,PMO - US,From RDC,N/A - From RDC,Air,27-Feb-09,27-Feb-09,ARV,Pediatric,SCMS from RDC,SKU0001,"Nevirapine 10mg/ml, oral suspension, Bottle, 240 ml",Generic,240,2976,5713.92,1.92,0.01,"Aurobindo Unit III, India",209,5463.97,11.2
12243,Nigeria,PMO - US,From RDC,N/A - From RDC,Air,3-Feb-09,3-Feb-09,ARV,Adult,SCMS from RDC,SKU0026,"Efavirenz 600mg, tablets, 30 Tabs",Generic,30,11527,135096.44,11.72,0.39,"Aurobindo Unit III, India",983,Freight Included in Commodity Cost,264.79
12244,Kenya,PMO - US,From RDC,N/A - From RDC,Truck,8-Aug-08,8-Aug-08,HRDT,HIV test,SCMS from RDC,SKU0009,"HIV 1/2, Uni-Gold HIV Kit, 20 Tests",Uni-Gold,20,168,5376,32,1.6,"Trinity Biotech, Plc",56,167.44,8.6
12245,Nigeria,PMO - US,From RDC,N/A - From RDC,Air,16-Feb-09,19-Jan-09,ARV,Adult,SCMS from RDC,SKU0004,"Stavudine 30mg, capsules, 60 Caps",Generic,60,4124,6392.2,1.55,0.03,"Aurobindo Unit III, India",273,7363.74,12.53
12246,Nigeria,PMO - US,From RDC,N/A - From RDC,Air,24-Sep-08,24-Sep-08,ARV,Adult,SCMS from RDC,SKU0004,"Stavudine 30mg, capsules, 60 Caps",Generic,60,903,1399.65,1.55,0.03,"Aurobindo Unit III, India",See DN-917 (ID#:10745),See DN-917 (ID#:10745),2.24
12247,Haiti,PMO - US,From RDC,N/A - From RDC,Air,4-Nov-08,4-Nov-08,ARV,Adult,SCMS from RDC,SKU0059,"Stavudine 20mg, capsules, 60 Caps",Generic,60,500,875,1.75,0.03,"Aurobindo Unit III, India",See DN-944 (ID#:11012),See DN-944 (ID#:11012),1.72
12248,Zambia,PMO - US,From RDC,N/A - From RDC,Truck,16-Feb-09,16-Feb-09,ARV,Adult,SCMS from RDC,SKU0053,"Emtricitabine/Tenofovir Disoproxil Fumarate 200/300mg [Truvada], tablets, 30 Tabs",Truvada,30,100000,2625000,26.25,0.88,"Aspen-OSD, Port Elizabeth, SA",9000,14036.31,5145
12249,Nigeria,PMO - US,From RDC,N/A - From RDC,Air,24-Jul-08,24-Jul-08,ARV,Adult,SCMS from RDC,SKU0026,"Efavirenz 600mg, tablets, 30 Tabs",Generic,30,1030,12071.6,11.72,0.39,"Aurobindo Unit III, India",251,1960.81,19.31
12250,Nigeria,PMO - US,From RDC,N/A - From RDC,Air,24-Jul-08,24-Jul-08,ARV,Adult,SCMS from RDC,SKU0014,"Zidovudine 300mg, tablets, 60 Tabs",Generic,60,4500,36000,8,0.13,"Aurobindo Unit III, India",See DN-846 (ID#:11939),See DN-846 (ID#:11939),57.6
12251,Nigeria,PMO - US,From RDC,N/A - From RDC,Air Charter,8-May-09,8-May-09,ARV,Adult,SCMS from RDC,SKU0054,"Lamivudine/Nevirapine/Zidovudine 150/200/300mg, tablets, 60 Tabs",Generic,60,26616,303422.4,11.4,0.19,"Aurobindo Unit III, India",2993,15128.37,594.71
12252,Uganda,PMO - US,From RDC,N/A - From RDC,Air,6-Jan-09,6-Jan-09,ARV,Adult,SCMS from RDC,SKU0054,"Lamivudine/Nevirapine/Zidovudine 150/200/300mg, tablets, 60 Tabs",Generic,60,5131,60545.8,11.8,0.2,"Aurobindo Unit III, India",691,8252.73,118.67
12253,Uganda,PMO - US,From RDC,N/A - From RDC,Air,6-Jan-09,6-Jan-09,ARV,Adult,SCMS from RDC,SKU0098,"Lamivudine/Stavudine 150/30mg, tablets, 30 Tabs",Generic,30,1082,2164,2,0.07,"Cipla, Goa, India",See DN-987 (ID#:12252),See DN-987 (ID#:12252),4.24
12254,Tanzania,PMO - US,From RDC,N/A - From RDC,Air,29-Aug-08,29-Aug-08,ARV,Adult,SCMS from RDC,SKU0044,"Lamivudine/Nevirapine/Stavudine 150/200/30mg, tablets, 60 Tabs",Generic,60,60332,446456.8,7.4,0.12,"Cipla, Goa, India",See DN-853 (ID#:11940),See DN-853 (ID#:11940),714.33
12255,Ethiopia,PMO - US,From RDC,N/A - From RDC,Air,18-Feb-09,18-Feb-09,ARV,Adult,SCMS from RDC,SKU0104,"Lamivudine/Stavudine 150/30mg, tablets, 60 Tabs",Generic,60,27000,102600,3.8,0.06,Mylan (formerly Matrix) Nashik,See DN-1060 (ID#:11618),See DN-1060 (ID#:11618),201.1
12256,Ethiopia,PMO - US,From RDC,N/A - From RDC,Air,4-Mar-09,4-Mar-09,ARV,Adult,SCMS from RDC,SKU0044,"Lamivudine/Nevirapine/Stavudine 150/200/30mg, tablets, 60 Tabs",Generic,60,107556,765798.72,7.12,0.12,"Cipla, Goa, India",14450,14144.68,1500.97
12257,Nigeria,PMO - US,From RDC,N/A - From RDC,Air,30-Oct-08,30-Oct-08,ARV,Adult,SCMS from RDC,SKU0014,"Zidovudine 300mg, tablets, 60 Tabs",Generic,60,5641,45974.15,8.15,0.14,"Aurobindo Unit III, India",See DN-960 (ID#:11945),See DN-960 (ID#:11945),90.11
12258,Nigeria,PMO - US,From RDC,N/A - From RDC,Air,30-Oct-08,30-Oct-08,ARV,Adult,SCMS from RDC,SKU0026,"Efavirenz 600mg, tablets, 30 Tabs",Generic,30,11527,138439.27,12.01,0.4,"Aurobindo Unit III, India",See DN-960 (ID#:11945),See DN-960 (ID#:11945),271.34
12259,Nigeria,PMO - US,From RDC,N/A - From RDC,Air,31-Oct-08,31-Oct-08,ARV,Adult,SCMS from RDC,SKU0008,"Lopinavir/Ritonavir 200/50mg [Aluvia], tablets, 120 Tabs",Aluvia,120,2034,83597.4,41.1,0.34,ABBVIE Ludwigshafen Germany,See DN-958 (ID#:10750),See DN-958 (ID#:10750),163.85
12260,Nigeria,PMO - US,From RDC,N/A - From RDC,Air,16-Feb-09,16-Feb-09,ARV,Adult,SCMS from RDC,SKU0026,"Efavirenz 600mg, tablets, 30 Tabs",Generic,30,13473,148203,11,0.37,"Aurobindo Unit III, India",1146,3680.33,290.48
12261,Nigeria,PMO - US,From RDC,N/A - From RDC,Air Charter,19-Mar-09,19-Mar-09,ARV,Adult,SCMS from RDC,SKU0004,"Stavudine 30mg, capsules, 60 Caps",Generic,60,1033,1601.15,1.55,0.03,"Aurobindo Unit III, India",See DN-1124 (ID#:11620),See DN-1124 (ID#:11620),3.14
12264,Nigeria,PMO - US,From RDC,N/A - From RDC,Air,24-Mar-09,24-Mar-09,ARV,Adult,SCMS from RDC,SKU0053,"Emtricitabine/Tenofovir Disoproxil Fumarate 200/300mg [Truvada], tablets, 30 Tabs",Truvada,30,662,17377.5,26.25,0.88,"Aspen-OSD, Port Elizabeth, SA",62,6443.61,34.06
12265,Nigeria,PMO - US,From RDC,N/A - From RDC,Air Charter,19-Mar-09,19-Mar-09,ARV,Adult,SCMS from RDC,SKU0054,"Lamivudine/Nevirapine/Zidovudine 150/200/300mg, tablets, 60 Tabs",Generic,60,11661,132935.4,11.4,0.19,"Aurobindo Unit III, India",1311,11492.86,260.55
12266,Nigeria,PMO - US,From RDC,N/A - From RDC,Air Charter,19-Mar-09,19-Mar-09,ARV,Adult,SCMS from RDC,SKU0054,"Lamivudine/Nevirapine/Zidovudine 150/200/300mg, tablets, 60 Tabs",Generic,60,370,4218,11.4,0.19,"Aurobindo Unit III, India",42,Freight Included in Commodity Cost,8.27
12267,Ethiopia,PMO - US,From RDC,N/A - From RDC,Air,18-Feb-09,18-Feb-09,ARV,Adult,SCMS from RDC,SKU0011,"Lamivudine/Zidovudine 150/300mg, tablets, 60 Tabs",Generic,60,5000,43800,8.76,0.15,Mylan (formerly Matrix) Nashik,403,1719.65,85.85
12269,Mozambique,PMO - US,From RDC,N/A - From RDC,Air,14-Nov-08,14-Nov-08,ARV,Adult,SCMS from RDC,SKU0007,"Nevirapine 200mg, tablets, 60 Tabs",Generic,60,11550,36960,3.2,0.05,Hetero Unit III Hyderabad IN,See DN-933 (ID#:10755),See DN-933 (ID#:10755),59.14
12270,Côte d'Ivoire,PMO - US,From RDC,N/A - From RDC,Air,23-Mar-09,23-Mar-09,ARV,Pediatric,SCMS from RDC,SKU0042,"Lopinavir/Ritonavir 80/20mg/ml [Kaletra], oral solution, cool, Bottle 5 x 60 ml",Kaletra,300,126,5178.6,41.1,0.14,ABBVIE (Abbott) Logis. UK,See DN-1163 (ID#:11030),See DN-1163 (ID#:11030),10.15
12271,Nigeria,PMO - US,From RDC,N/A - From RDC,Air Charter,8-May-09,8-May-09,ARV,Adult,SCMS from RDC,SKU0026,"Efavirenz 600mg, tablets, 30 Tabs",Generic,30,25000,275000,11,0.37,"Aurobindo Unit III, India",2267,15128.37,539
12272,Mozambique,PMO - US,From RDC,N/A - From RDC,Air,15-May-09,15-May-09,ARV,Adult,SCMS from RDC,SKU0004,"Stavudine 30mg, capsules, 60 Caps",Generic,60,630,976.5,1.55,0.03,"Aurobindo Unit III, India",42,1217.37,1.91
12273,Tanzania,PMO - US,From RDC,N/A - From RDC,Truck,11-May-09,11-May-09,ARV,Adult,SCMS from RDC,SKU0053,"Emtricitabine/Tenofovir Disoproxil Fumarate 200/300mg [Truvada], tablets, 30 Tabs",Truvada,30,20240,531300,26.25,0.88,"Aspen-OSD, Port Elizabeth, SA",See DN-1180 (ID#:11033),See DN-1180 (ID#:11033),1041.35
12276,Zimbabwe,PMO - US,From RDC,N/A - From RDC,Air,12-May-09,12-May-09,ARV,Adult,SCMS from RDC,SKU0104,"Lamivudine/Stavudine 150/30mg, tablets, 60 Tabs",Generic,60,4000,16000,4,0.07,"Cipla, Goa, India",305,2698.04,31.36
12277,Mozambique,PMO - US,From RDC,N/A - From RDC,Air,28-Jun-09,28-Jun-09,ARV,Adult,SCMS from RDC,SKU0044,"Lamivudine/Nevirapine/Stavudine 150/200/30mg, tablets, 60 Tabs",Generic,60,17618,126849.6,7.2,0.12,"Cipla, Goa, India",See DN-1215 (ID#:10764),See DN-1215 (ID#:10764),248.63
12278,Nigeria,PMO - US,From RDC,N/A - From RDC,Air Charter,8-May-09,8-May-09,ARV,Adult,SCMS from RDC,SKU0053,"Emtricitabine/Tenofovir Disoproxil Fumarate 200/300mg [Truvada], tablets, 30 Tabs",Truvada,30,27439,720273.75,26.25,0.88,"Aspen-OSD, Port Elizabeth, SA",2561,15128.47,1411.74
12279,Haiti,PMO - US,From RDC,N/A - From RDC,Air,22-May-09,22-May-09,ARV,Adult,SCMS from RDC,SKU0026,"Efavirenz 600mg, tablets, 30 Tabs",Generic,30,7323,71179.56,9.72,0.32,"Aurobindo Unit III, India",631,7584.12,139.51
12280,Haiti,PMO - US,From RDC,N/A - From RDC,Air,22-May-09,22-May-09,ARV,Adult,SCMS from RDC,SKU0026,"Efavirenz 600mg, tablets, 30 Tabs",Generic,30,10065,97831.8,9.72,0.32,"Aurobindo Unit III, India",See DN-1221 (ID#:11636),See DN-1221 (ID#:11636),191.75
12281,Uganda,PMO - US,From RDC,N/A - From RDC,Air,22-May-09,22-May-09,ARV,Adult,SCMS from RDC,SKU0004,"Stavudine 30mg, capsules, 60 Caps",Generic,60,60,89.4,1.49,0.02,"Aurobindo Unit III, India",4,526.41,0.18
12282,Zambia,PMO - US,From RDC,N/A - From RDC,Truck,8-Jun-09,8-Jun-09,ARV,Adult,SCMS from RDC,SKU0026,"Efavirenz 600mg, tablets, 30 Tabs",Generic,30,11546,127006,11,0.37,Mylan (formerly Matrix) Nashik,See DN-1228 (ID#:11638),See DN-1228 (ID#:11638),248.93
12283,Côte d'Ivoire,PMO - US,From RDC,N/A - From RDC,Air,11-Jun-09,11-Jun-09,ARV,Adult,SCMS from RDC,SKU0014,"Zidovudine 300mg, tablets, 60 Tabs",Generic,60,10000,77100,7.71,0.13,"Aurobindo Unit III, India",See DN-1234 (ID#:11970),See DN-1234 (ID#:11970),151.12
12284,Côte d'Ivoire,PMO - US,From RDC,N/A - From RDC,Air,11-Jun-09,11-Jun-09,ARV,Adult,SCMS from RDC,SKU0054,"Lamivudine/Nevirapine/Zidovudine 150/200/300mg, tablets, 60 Tabs",Generic,60,15000,173400,11.56,0.19,"Aurobindo Unit III, India",See DN-1234 (ID#:11970),See DN-1234 (ID#:11970),339.86
12286,Nigeria,PMO - US,From RDC,N/A - From RDC,Air Charter,16-Jun-09,16-Jun-09,ARV,Adult,SCMS from RDC,SKU0003,"Lamivudine 150mg, tablets, 60 Tabs",Generic,60,1140,3306,2.9,0.05,"Aurobindo Unit III, India",See DN-1244 (ID#:11048),See DN-1244 (ID#:11048),6.48
12289,Nigeria,PMO - US,From RDC,N/A - From RDC,Air,5-Jun-09,5-Jun-09,ARV,Adult,SCMS from RDC,SKU0011,"Lamivudine/Zidovudine 150/300mg, tablets, 60 Tabs",Generic,60,1747,15303.72,8.76,0.15,Mylan (formerly Matrix) Nashik,148,1012.18,30
12290,Nigeria,PMO - US,From RDC,N/A - From RDC,Air Charter,16-Jun-09,16-Jun-09,ARV,Adult,SCMS from RDC,SKU0044,"Lamivudine/Nevirapine/Stavudine 150/200/30mg, tablets, 60 Tabs",Generic,60,3235,23033.2,7.12,0.12,"Cipla, Goa, India",See DN-1263 (ID#:11053),See DN-1263 (ID#:11053),45.15
12293,Kenya,PMO - US,From RDC,N/A - From RDC,Air,28-May-09,28-May-09,HRDT,HIV test,SCMS from RDC,SKU0009,"HIV 1/2, Uni-Gold HIV Kit, 20 Tests",Uni-Gold,20,2500,80000,32,1.6,"Trinity Biotech, Plc",Weight Captured Separately,Invoiced Separately,156.8
12294,Haiti,PMO - US,From RDC,N/A - From RDC,Air,18-Jun-09,18-Jun-09,ARV,Pediatric,SCMS from RDC,SKU0049,"Efavirenz 50mg, capsule, 30 Caps",Generic,30,1428,3198.72,2.24,0.07,"Aurobindo Unit III, India",83,7789.85,6.27
12295,Nigeria,PMO - US,From RDC,N/A - From RDC,Air Charter,16-Jun-09,16-Jun-09,ARV,Adult,SCMS from RDC,SKU0053,"Emtricitabine/Tenofovir Disoproxil Fumarate 200/300mg [Truvada], tablets, 30 Tabs",Truvada,30,24269,637061.25,26.25,0.88,"Aspen-OSD, Port Elizabeth, SA",2094,7329.83,1248.64
12296,Uganda,PMO - US,From RDC,N/A - From RDC,Air,29-Jun-09,29-Jun-09,ARV,Adult,SCMS from RDC,SKU0054,"Lamivudine/Nevirapine/Zidovudine 150/200/300mg, tablets, 60 Tabs",Generic,60,10372,119900.32,11.56,0.19,Mylan (formerly Matrix) Nashik,1312,14569.14,235
12297,Nigeria,PMO - US,From RDC,N/A - From RDC,Air Charter,16-Jun-09,16-Jun-09,ARV,Adult,SCMS from RDC,SKU0053,"Emtricitabine/Tenofovir Disoproxil Fumarate 200/300mg [Truvada], tablets, 30 Tabs",Truvada,30,27314,716992.5,26.25,0.88,"Aspen-OSD, Port Elizabeth, SA",2363,7329.83,1405.31
12299,Zambia,PMO - US,From RDC,N/A - From RDC,Truck,29-Sep-09,29-Sep-09,ARV,Adult,SCMS from RDC,SKU0107,"Lamivudine/Tenofovir Disoproxil Fumarate 300/300mg, tablets, 30 Tabs",Generic,30,92000,1058000,11.5,0.38,Mylan (formerly Matrix) Nashik,7579,6759.28,2073.68
12300,Mozambique,PMO - US,From RDC,N/A - From RDC,Truck,27-Aug-09,27-Aug-09,ARV,Adult,SCMS from RDC,SKU0104,"Lamivudine/Stavudine 150/30mg, tablets, 60 Tabs",Generic,60,23100,87780,3.8,0.06,"Cipla, Goa, India",See DN-1332 (ID#:11663),See DN-1332 (ID#:11663),172.05
12301,Nigeria,PMO - US,From RDC,N/A - From RDC,Air Charter,4-Aug-09,4-Aug-09,ARV,Adult,SCMS from RDC,SKU0054,"Lamivudine/Nevirapine/Zidovudine 150/200/300mg, tablets, 60 Tabs",Generic,60,5800,66120,11.4,0.19,"Aurobindo Unit III, India",654,7445.8,129.6
12302,Nigeria,PMO - US,From RDC,N/A - From RDC,Air Charter,4-Aug-09,4-Aug-09,ARV,Adult,SCMS from RDC,SKU0053,"Emtricitabine/Tenofovir Disoproxil Fumarate 200/300mg [Truvada], tablets, 30 Tabs",Truvada,30,22730,596662.5,26.25,0.88,"Aspen-OSD, Port Elizabeth, SA",1977,7445.8,1169.46
12303,Côte d'Ivoire,PMO - US,From RDC,N/A - From RDC,Air Charter,11-Aug-09,11-Aug-09,ARV,Adult,SCMS from RDC,SKU0026,"Efavirenz 600mg, tablets, 30 Tabs",Generic,30,3280,31881.6,9.72,0.32,"Emcure Plot No.P-2, I.T-B.T. Park, Phase II, MIDC, Hinjwadi, Pune, India",229,1854.88,62.49
12421,Zambia,PMO - US,From RDC,N/A - From RDC,,9-Nov-07,9-Nov-07,ARV,Adult,SCMS from RDC,SKU0026,"Efavirenz 600mg, tablets, 30 Tabs",Generic,30,11254,182990.04,16.26,0.54,"Aurobindo Unit III, India",See DN-388 (ID#:11188),See DN-388 (ID#:11188),292.78
12304,Nigeria,PMO - US,From RDC,N/A - From RDC,Air Charter,4-Aug-09,4-Aug-09,ARV,Adult,SCMS from RDC,SKU0105,"Emtricitabine/Tenofovir Disoproxil Fumarate 200/300mg, tablets, 30 Tabs",Generic,30,5794,68079.5,11.75,0.39,Mylan (formerly Matrix) Nashik,See DN-1367 (ID#:11346),See DN-1367 (ID#:11346),133.44
12305,Haiti,PMO - US,From RDC,N/A - From RDC,Air,31-Jul-09,31-Jul-09,ARV,Pediatric,SCMS from RDC,SKU0066,"Efavirenz 200mg, capsule, 90 Caps",Generic,90,525,6683.25,12.73,0.14,"Aurobindo Unit III, India",See DN-1374 (ID#:11999),See DN-1374 (ID#:11999),13.1
12307,Mozambique,PMO - US,From RDC,N/A - From RDC,Truck,17-Sep-09,17-Sep-09,ARV,Adult,SCMS from RDC,SKU0044,"Lamivudine/Nevirapine/Stavudine 150/200/30mg, tablets, 60 Tabs",Generic,60,76000,541120,7.12,0.12,"Strides, Bangalore, India.",5597,1799.88,1060.6
12309,Rwanda,PMO - US,From RDC,N/A - From RDC,Air,31-Jul-09,31-Jul-09,ARV,Adult,SCMS from RDC,SKU0003,"Lamivudine 150mg, tablets, 60 Tabs",Generic,60,8766,21389.04,2.44,0.04,"Aurobindo Unit III, India",447,4257.01,41.92
12310,Uganda,PMO - US,From RDC,N/A - From RDC,Air,24-Aug-09,24-Aug-09,ARV,Adult,SCMS from RDC,SKU0007,"Nevirapine 200mg, tablets, 60 Tabs",Generic,60,1650,4785,2.9,0.05,Hetero Unit III Hyderabad IN,See DN-1397 (ID#:11678),See DN-1397 (ID#:11678),9.38
12311,Uganda,PMO - US,From RDC,N/A - From RDC,Air,28-Aug-09,28-Aug-09,ARV,Adult,SCMS from RDC,SKU0011,"Lamivudine/Zidovudine 150/300mg, tablets, 60 Tabs",Generic,60,24000,210240,8.76,0.15,Mylan (formerly Matrix) Nashik,5748,38957.51,412.07
12312,Uganda,PMO - US,From RDC,N/A - From RDC,Air,28-Aug-09,28-Aug-09,ARV,Adult,SCMS from RDC,SKU0054,"Lamivudine/Nevirapine/Zidovudine 150/200/300mg, tablets, 60 Tabs",Generic,60,34000,385900,11.35,0.19,"Aurobindo Unit III, India",See DN-1399 (ID#:12311),See DN-1399 (ID#:12311),756.36
12313,Côte d'Ivoire,PMO - US,From RDC,N/A - From RDC,Air,8-Sep-09,8-Sep-09,ARV,Adult,SCMS from RDC,SKU0054,"Lamivudine/Nevirapine/Zidovudine 150/200/300mg, tablets, 60 Tabs",Generic,60,28170,319729.5,11.35,0.19,"Aurobindo Unit III, India",See DN-1401 (ID#:10793),See DN-1401 (ID#:10793),626.67
12314,Zambia,PMO - US,From RDC,N/A - From RDC,Truck,22-Sep-09,22-Sep-09,ARV,Adult,SCMS from RDC,SKU0107,"Lamivudine/Tenofovir Disoproxil Fumarate 300/300mg, tablets, 30 Tabs",Generic,30,92000,1058000,11.5,0.38,Mylan (formerly Matrix) Nashik,7678,6759.28,2073.68
12315,Zambia,PMO - US,From RDC,N/A - From RDC,Truck,22-Sep-09,22-Sep-09,ARV,Adult,SCMS from RDC,SKU0107,"Lamivudine/Tenofovir Disoproxil Fumarate 300/300mg, tablets, 30 Tabs",Generic,30,92095,1059092.5,11.5,0.38,Mylan (formerly Matrix) Nashik,7686,6759.28,2075.82
12316,Zimbabwe,PMO - US,From RDC,N/A - From RDC,Truck,22-Sep-09,22-Sep-09,ARV,Adult,SCMS from RDC,SKU0104,"Lamivudine/Stavudine 150/30mg, tablets, 60 Tabs",Generic,60,4000,16000,4,0.07,"Cipla, Goa, India",See DN-1411 (ID#:11352),See DN-1411 (ID#:11352),31.36
12384,Tanzania,PMO - US,From RDC,N/A - From RDC,Air,30-Jul-07,30-Jul-07,ARV,Adult,SCMS from RDC,SKU0007,"Nevirapine 200mg, tablets, 60 Tabs",Generic,60,11807,42150.99,3.57,0.06,"Aurobindo Unit III, India",1050,3291,67.44
12317,Zambia,PMO - US,From RDC,N/A - From RDC,Truck,19-Oct-09,19-Oct-09,ARV,Adult,SCMS from RDC,SKU0007,"Nevirapine 200mg, tablets, 60 Tabs",Generic,60,15718,47154,3,0.05,"Aurobindo Unit III, India",See DN-1407 (ID#:11681),See DN-1407 (ID#:11681),92.42
12318,Côte d'Ivoire,PMO - US,From RDC,N/A - From RDC,Air,21-Sep-09,21-Sep-09,ARV,Adult,SCMS from RDC,SKU0105,"Emtricitabine/Tenofovir Disoproxil Fumarate 200/300mg, tablets, 30 Tabs",Generic,30,666,7825.5,11.75,0.39,Mylan (formerly Matrix) Nashik,54,1713.01,15.34
12319,Tanzania,PMO - US,From RDC,N/A - From RDC,Truck,25-Sep-09,25-Sep-09,ARV,Adult,SCMS from RDC,SKU0058,"Abacavir 300mg, tablets, 60 Tabs",Generic,60,9243,235234.35,25.45,0.42,"Aurobindo Unit III, India",936,2233.61,461.06
12320,Zambia,PMO - US,From RDC,N/A - From RDC,Truck,2-Oct-09,2-Oct-09,ARV,Adult,SCMS from RDC,SKU0044,"Lamivudine/Nevirapine/Stavudine 150/200/30mg, tablets, 60 Tabs",Generic,60,61520,438022.4,7.12,0.12,"Cipla, Goa, India",23888,13518.56,858.52
12321,Nigeria,PMO - US,From RDC,N/A - From RDC,Air Charter,20-Oct-09,20-Oct-09,ARV,Adult,SCMS from RDC,SKU0054,"Lamivudine/Nevirapine/Zidovudine 150/200/300mg, tablets, 60 Tabs",Generic,60,40230,458622,11.4,0.19,"Aurobindo Unit III, India",4531,30983.24,898.9
12322,Nigeria,PMO - US,From RDC,N/A - From RDC,Air Charter,20-Oct-09,20-Oct-09,ARV,Adult,SCMS from RDC,SKU0054,"Lamivudine/Nevirapine/Zidovudine 150/200/300mg, tablets, 60 Tabs",Generic,60,1756,20018.4,11.4,0.19,"Aurobindo Unit III, India",198,9341.49,39.24
12323,Côte d'Ivoire,PMO - US,From RDC,N/A - From RDC,Air,25-Aug-09,7-Oct-09,ARV,Pediatric,SCMS from RDC,SKU0001,"Nevirapine 10mg/ml, oral suspension, Bottle, 240 ml",Generic,240,1547,2970.24,1.92,0.01,"Aurobindo Unit III, India",581,1234.9,5.82
12324,Mozambique,PMO - US,From RDC,N/A - From RDC,Truck,7-Oct-09,7-Oct-09,ARV,Adult,SCMS from RDC,SKU0003,"Lamivudine 150mg, tablets, 60 Tabs",Generic,60,2592,6324.48,2.44,0.04,"Aurobindo Unit III, India",See DN-1457 (ID#:11687),See DN-1457 (ID#:11687),12.4
12325,Ethiopia,PMO - US,From RDC,N/A - From RDC,Air,29-Sep-09,29-Sep-09,ARV,Adult,SCMS from RDC,SKU0003,"Lamivudine 150mg, tablets, 60 Tabs",Generic,60,4234,10330.96,2.44,0.04,"Aurobindo Unit III, India",212,1489.4,20.25
12326,Lebanon,PMO - US,From RDC,N/A - From RDC,Air,18-Nov-09,18-Nov-09,ARV,Pediatric,SCMS from RDC,SKU0001,"Nevirapine 10mg/ml, oral suspension, Bottle, 240 ml",Generic,240,50,0.5,0.01,0,"Aurobindo Unit III, India",See DN-1486 (ID#:11072),See DN-1486 (ID#:11072),0
12327,Lebanon,PMO - US,From RDC,N/A - From RDC,Air,24-Nov-09,24-Nov-09,ARV,Adult,SCMS from RDC,SKU0007,"Nevirapine 200mg, tablets, 60 Tabs",Generic,60,200,2,0.01,0,Hetero Unit III Hyderabad IN,See DN-1488 (ID#:11074),See DN-1488 (ID#:11074),0
12328,Zambia,PMO - US,From RDC,N/A - From RDC,Air,23-Oct-09,23-Oct-09,ARV,Adult,SCMS from RDC,SKU0026,"Efavirenz 600mg, tablets, 30 Tabs",Generic,30,13941,80578.98,5.78,0.19,"Emcure Plot No.P-2, I.T-B.T. Park, Phase II, MIDC, Hinjwadi, Pune, India",986,5097.09,173.73
12329,Uganda,PMO - US,From RDC,N/A - From RDC,Air,23-Nov-09,23-Nov-09,ARV,Adult,SCMS from RDC,SKU0104,"Lamivudine/Stavudine 150/30mg, tablets, 60 Tabs",Generic,60,60,240,4,0.07,"Cipla, Goa, India",4,396.08,0.52
12330,Ethiopia,PMO - US,From RDC,N/A - From RDC,Air,2-Dec-09,2-Dec-09,ARV,Adult,SCMS from RDC,SKU0007,"Nevirapine 200mg, tablets, 60 Tabs",Generic,60,4460,12934,2.9,0.05,Hetero Unit III Hyderabad IN,250,1366.22,27.89
12334,Zimbabwe,PMO - US,From RDC,N/A - From RDC,,23-Mar-07,23-Mar-07,ARV,Adult,SCMS from RDC,SKU0026,"Efavirenz 600mg, tablets, 30 Tabs",Generic,30,7000,113750,16.25,0.54,"Aurobindo Unit III, India",581,1886.21,
12335,Nigeria,PMO - US,From RDC,N/A - From RDC,,22-Feb-07,22-Feb-07,ARV,Pediatric,SCMS from RDC,SKU0005,"Zidovudine 10mg/ml, oral solution, Bottle, 240 ml",Generic,240,1200,2580,2.15,0.01,"Aurobindo Unit III, India",See DN-27 (ID#:10544),See DN-27 (ID#:10544),
12336,Rwanda,PMO - US,From RDC,N/A - From RDC,Air,10-Apr-07,10-Apr-07,HRDT,HIV test,SCMS from RDC,SKU0009,"HIV 1/2, Uni-Gold HIV Kit, 20 Tests",Uni-Gold,20,500,16000,32,1.6,"Trinity Biotech, Plc",See DN-70 (ID#:11095),See DN-70 (ID#:11095),
12337,Mozambique,PMO - US,From RDC,N/A - From RDC,Air,1-Jun-07,1-Jun-07,ARV,Pediatric,SCMS from RDC,SKU0005,"Zidovudine 10mg/ml, oral solution, Bottle, 240 ml",Generic,240,650,2567.5,3.95,0.02,"Aurobindo Unit III, India",193,478.51,
12341,Mozambique,PMO - US,From RDC,N/A - From RDC,Air,17-Apr-07,17-Apr-07,ARV,Adult,SCMS from RDC,SKU0026,"Efavirenz 600mg, tablets, 30 Tabs",Generic,30,23035,385836.25,16.75,0.56,"Aurobindo Unit III, India",See DN-44 (ID#:10549),See DN-44 (ID#:10549),
12342,Mozambique,PMO - US,From RDC,N/A - From RDC,Air,17-Apr-07,17-Apr-07,ARV,Pediatric,SCMS from RDC,SKU0048,"Lamivudine 10mg/ml, oral solution, Bottle, 240 ml",Generic,240,540,1317.6,2.44,0.01,"Cipla, Goa, India",See DN-44 (ID#:10549),See DN-44 (ID#:10549),
12346,Botswana,PMO - US,From RDC,N/A - From RDC,,27-Apr-07,27-Apr-07,HRDT,HIV test,SCMS from RDC,SKU0009,"HIV 1/2, Uni-Gold HIV Kit, 20 Tests",Uni-Gold,20,500,16000,32,1.6,"Trinity Biotech, Plc",164,1225.37,
12349,Côte d'Ivoire,PMO - US,From RDC,N/A - From RDC,,30-Apr-07,30-Apr-07,ARV,Adult,SCMS from RDC,SKU0026,"Efavirenz 600mg, tablets, 30 Tabs",Generic,30,8148,132405,16.25,0.54,"Aurobindo Unit III, India",742,2658,
12350,Mozambique,PMO - US,From RDC,N/A - From RDC,Air,8-Jun-07,8-Jun-07,ARV,Adult,SCMS from RDC,SKU0008,"Lopinavir/Ritonavir 200/50mg [Aluvia], tablets, 120 Tabs",Aluvia,120,900,36990,41.1,0.34,ABBVIE Ludwigshafen Germany,Weight Captured Separately,Freight Included in Commodity Cost,
12351,Mozambique,PMO - US,From RDC,N/A - From RDC,Air,8-Jun-07,8-Jun-07,ARV,Pediatric,SCMS from RDC,SKU0005,"Zidovudine 10mg/ml, oral solution, Bottle, 240 ml",Generic,240,8100,31995,3.95,0.02,"Aurobindo Unit III, India",2952,Freight Included in Commodity Cost,
12352,Côte d'Ivoire,PMO - US,From RDC,N/A - From RDC,,28-Jun-07,28-Jun-07,ARV,Adult,SCMS from RDC,SKU0058,"Abacavir 300mg, tablets, 60 Tabs",Generic,60,2100,75180,35.8,0.6,"Aurobindo Unit III, India",See DN-193 (ID#:11387),See DN-193 (ID#:11387),120.29
12354,Nigeria,PMO - US,From RDC,N/A - From RDC,,3-Jul-07,3-Jul-07,ARV,Adult,SCMS from RDC,SKU0007,"Nevirapine 200mg, tablets, 60 Tabs",Generic,60,538,1920.66,3.57,0.06,"Aurobindo Unit III, India",See DN-209 (ID#:11136),See DN-209 (ID#:11136),3.07
12355,Zambia,PMO - US,From RDC,N/A - From RDC,Air,15-Jun-07,15-Jun-07,ARV,Pediatric,SCMS from RDC,SKU0071,"Abacavir 20mg/ml, oral solution, Bottle, 240 ml",Generic,240,192,4128,21.5,0.09,"Aurobindo Unit III, India",70,650.12,
12358,Rwanda,PMO - US,From RDC,N/A - From RDC,Air,5-Jun-07,5-Jun-07,ARV,Adult,SCMS from RDC,SKU0003,"Lamivudine 150mg, tablets, 60 Tabs",Generic,60,3431,11356.61,3.31,0.06,"Ranbaxy, Paonta Shahib, India",216,2520.47,
12364,Mozambique,PMO - US,From RDC,N/A - From RDC,Air,11-Jul-07,11-Jul-07,ARV,Adult,SCMS from RDC,SKU0078,"Abacavir/Lamivudine/Zidovudine 300/150/300mg [Trizivir], tablets, 60 Tabs",Trizivir,60,1171,81970,70,1.17,GSK Ware (UK),See DN-184 (ID#:12060),See DN-184 (ID#:12060),
12365,Nigeria,PMO - US,From RDC,N/A - From RDC,,3-Jul-07,3-Jul-07,ARV,Pediatric,SCMS from RDC,SKU0005,"Zidovudine 10mg/ml, oral solution, Bottle, 240 ml",Generic,240,278,1098.1,3.95,0.02,"Aurobindo Unit III, India",See DN-209 (ID#:11136),See DN-209 (ID#:11136),1.76
12366,Mozambique,PMO - US,From RDC,N/A - From RDC,Air,13-Jun-07,13-Jun-07,ARV,Pediatric,SCMS from RDC,SKU0062,"Efavirenz 50mg [Stocrin/Sustiva], capsule, 30 Caps",Stocrin/Sustiva,30,1844,6306.48,3.42,0.11,"MSD Manati, Puerto Rico, (USA)",See DN-148 (ID#:10564),See DN-148 (ID#:10564),
12368,Ethiopia,PMO - US,From RDC,N/A - From RDC,,24-May-07,24-May-07,HRDT,HIV test,SCMS from RDC,SKU0009,"HIV 1/2, Uni-Gold HIV Kit, 20 Tests",Uni-Gold,20,200,6400,32,1.6,"Trinity Biotech, Plc",See DN-157 (ID#:11403),See DN-157 (ID#:11403),
12369,Côte d'Ivoire,PMO - US,From RDC,N/A - From RDC,Air,15-Jun-07,15-Jun-07,ARV,Adult,SCMS from RDC,SKU0014,"Zidovudine 300mg, tablets, 60 Tabs",Generic,60,4374,37266.48,8.52,0.14,"Aurobindo Unit III, India",230,1432,
12372,Tanzania,PMO - US,From RDC,N/A - From RDC,Air,13-Aug-07,13-Aug-07,ARV,Adult,SCMS from RDC,SKU0058,"Abacavir 300mg, tablets, 60 Tabs",Generic,60,4776,170980.8,35.8,0.6,"Aurobindo Unit III, India",See DN-246 (ID#:11138),See DN-246 (ID#:11138),273.57
12373,Côte d'Ivoire,PMO - US,From RDC,N/A - From RDC,,14-Aug-07,14-Aug-07,ARV,Adult,SCMS from RDC,SKU0026,"Efavirenz 600mg, tablets, 30 Tabs",Generic,30,5344,86893.44,16.26,0.54,"Aurobindo Unit III, India",See DN-268 (ID#:12074),See DN-268 (ID#:12074),139.03
12375,Zambia,PMO - US,From RDC,N/A - From RDC,,9-Jul-07,9-Jul-07,ARV,Pediatric,SCMS from RDC,SKU0071,"Abacavir 20mg/ml, oral solution, Bottle, 240 ml",Generic,240,350,7525,21.5,0.09,"Aurobindo Unit III, India",124,874.57,12.04
12378,Zambia,PMO - US,From RDC,N/A - From RDC,,7-Aug-07,7-Aug-07,ARV,Adult,SCMS from RDC,SKU0026,"Efavirenz 600mg, tablets, 30 Tabs",Generic,30,48348,786138.48,16.26,0.54,"Aurobindo Unit III, India",See DN-270 (ID#:10843),See DN-270 (ID#:10843),1257.82
12379,Mozambique,PMO - US,From RDC,N/A - From RDC,Air,10-Oct-07,10-Oct-07,ARV,Pediatric,SCMS from RDC,SKU0005,"Zidovudine 10mg/ml, oral solution, Bottle, 240 ml",Generic,240,7750,30612.5,3.95,0.02,"Aurobindo Unit III, India",See DN-282 (ID#:11144),See DN-282 (ID#:11144),48.98
12388,Côte d'Ivoire,PMO - US,From RDC,N/A - From RDC,,3-Aug-07,3-Aug-07,ARV,Adult,SCMS from RDC,SKU0044,"Lamivudine/Nevirapine/Stavudine 150/200/30mg, tablets, 60 Tabs",Generic,60,23472,176040,7.5,0.12,"Cipla, Goa, India",See DN-260 (ID#:11426),See DN-260 (ID#:11426),281.66
12391,Côte d'Ivoire,PMO - US,From RDC,N/A - From RDC,,24-Aug-07,24-Aug-07,ARV,Adult,SCMS from RDC,SKU0098,"Lamivudine/Stavudine 150/30mg, tablets, 30 Tabs",Generic,30,55032,110064,2,0.07,"Cipla, Goa, India",3673,12438,176.1
12393,Tanzania,PMO - US,From RDC,N/A - From RDC,,10-Sep-07,10-Sep-07,ARV,Adult,SCMS from RDC,SKU0052,"Ritonavir 100mg [Norvir], capsules, cool, 4 x 84 Caps",Norvir,336,157,6022.52,38.36,0.11,ABBVIE (Abbott) Logis. UK,See DN-290 (ID#:10859),See DN-290 (ID#:10859),9.64
12395,Mozambique,PMO - US,From RDC,N/A - From RDC,Air,21-Sep-07,21-Sep-07,ARV,Pediatric,SCMS from RDC,SKU0048,"Lamivudine 10mg/ml, oral solution, Bottle, 240 ml",Generic,240,2744,6695.36,2.44,0.01,"Cipla, Goa, India",See DN-304 (ID#:10589),See DN-304 (ID#:10589),10.71
12396,Mozambique,PMO - US,From RDC,N/A - From RDC,Air,21-Sep-07,21-Sep-07,ARV,Pediatric,SCMS from RDC,SKU0005,"Zidovudine 10mg/ml, oral solution, Bottle, 240 ml",Generic,240,2185,8630.75,3.95,0.02,"Aurobindo Unit III, India",See DN-304 (ID#:10589),See DN-304 (ID#:10589),13.81
12397,Côte d'Ivoire,PMO - US,From RDC,N/A - From RDC,,24-Aug-07,24-Aug-07,ARV,Pediatric,SCMS from RDC,SKU0062,"Efavirenz 50mg [Stocrin/Sustiva], capsule, 30 Caps",Stocrin/Sustiva,30,738,2560.86,3.47,0.12,"MSD, Haarlem, NL",See DN-314 (ID#:11757),See DN-314 (ID#:11757),4.1
12399,Mozambique,PMO - US,From RDC,N/A - From RDC,Air,21-Sep-07,21-Sep-07,HRDT,HIV test,SCMS from RDC,SKU0009,"HIV 1/2, Uni-Gold HIV Kit, 20 Tests",Uni-Gold,20,2500,80000,32,1.6,"Trinity Biotech, Plc",841,3818.4,128
12400,Zambia,PMO - US,From RDC,N/A - From RDC,Air,29-Aug-07,29-Aug-07,ARV,Adult,SCMS from RDC,SKU0003,"Lamivudine 150mg, tablets, 60 Tabs",Generic,60,30000,91200,3.04,0.05,"Aurobindo Unit III, India",See DN-319 (ID#:11765),See DN-319 (ID#:11765),145.92
12404,Tanzania,PMO - US,From RDC,N/A - From RDC,,11-Oct-07,11-Oct-07,ARV,Pediatric,SCMS from RDC,SKU0006,"Efavirenz 200mg [Stocrin/Sustiva], capsule, 90 Caps",Stocrin/Sustiva,90,1987,64418.54,32.42,0.36,MSD South Granville Australia,238,2465,103.07
12406,Zambia,PMO - US,From RDC,N/A - From RDC,,27-Sep-07,27-Sep-07,ARV,Adult,SCMS from RDC,SKU0014,"Zidovudine 300mg, tablets, 60 Tabs",Generic,60,12420,101223,8.15,0.14,"Aurobindo Unit III, India",See DN-366 (ID#:11161),See DN-366 (ID#:11161),161.96
12407,Zambia,PMO - US,From RDC,N/A - From RDC,,28-Sep-07,28-Sep-07,ARV,Adult,SCMS from RDC,SKU0044,"Lamivudine/Nevirapine/Stavudine 150/200/30mg, tablets, 60 Tabs",Generic,60,16974,125607.6,7.4,0.12,"Cipla, Goa, India",1732,7927.55,200.97
12408,Zambia,PMO - US,From RDC,N/A - From RDC,,2-Oct-07,2-Oct-07,ARV,Pediatric,SCMS from RDC,SKU0066,"Efavirenz 200mg, capsule, 90 Caps",Generic,90,604,9664,16,0.18,"Aurobindo Unit III, India",72,723.59,15.46
12411,Côte d'Ivoire,PMO - US,From RDC,N/A - From RDC,,14-Sep-07,14-Sep-07,ARV,Pediatric,SCMS from RDC,SKU0082,"Didanosine 100mg, chewable/dispersible tablets, 60 Tabs",Generic,60,1696,13144,7.75,0.13,"Aurobindo Unit III, India",See DN-323 (ID#:10588),See DN-323 (ID#:10588),21.03
12413,Zimbabwe,PMO - US,From RDC,N/A - From RDC,Truck,5-Oct-07,5-Oct-07,HRDT,HIV test,SCMS from RDC,SKU0019,"HIV 1/2, Bioline 3.0 Kit, Lancets, Capillary pipets, Alcohol swabs included, 25 Tests",Bioline,25,2492,49840,20,0.8,"Standard Diagnostics, Korea",738,3085.84,79.74
12416,Côte d'Ivoire,PMO - US,From RDC,N/A - From RDC,Air,15-Oct-07,15-Oct-07,ARV,Adult,SCMS from RDC,SKU0014,"Zidovudine 300mg, tablets, 60 Tabs",Generic,60,5794,47221.1,8.15,0.14,"Ranbaxy, Paonta Shahib, India",See DN-379 (ID#:10890),See DN-379 (ID#:10890),75.55
12418,Zambia,PMO - US,From RDC,N/A - From RDC,,2-Nov-07,2-Nov-07,ARV,Adult,SCMS from RDC,SKU0059,"Stavudine 20mg, capsules, 60 Caps",Generic,60,1381,2416.75,1.75,0.03,"Aurobindo Unit III, India",232,1320.08,3.87
12513,Pakistan,PMO - US,From RDC,N/A - From RDC,Air,20-May-08,20-May-08,HRDT,HIV test,SCMS from RDC,SKU0009,"HIV 1/2, Uni-Gold HIV Kit, 20 Tests",Uni-Gold,20,10,320,32,1.6,"Trinity Biotech, Plc",3,400.75,0.51
12424,Nigeria,PMO - US,From RDC,N/A - From RDC,Air,16-Nov-07,16-Nov-07,ARV,Adult,SCMS from RDC,SKU0026,"Efavirenz 600mg, tablets, 30 Tabs",Generic,30,1200,14904,12.42,0.41,"Aurobindo Unit III, India",See DN-409 (ID#:10903),See DN-409 (ID#:10903),23.85
12425,Mozambique,PMO - US,From RDC,N/A - From RDC,Air,30-Nov-07,30-Nov-07,HRDT,HIV test,SCMS from RDC,SKU0009,"HIV 1/2, Uni-Gold HIV Kit, 20 Tests",Uni-Gold,20,5000,160000,32,1.6,"Trinity Biotech, Plc",See DN-415 (ID#:12120),See DN-415 (ID#:12120),256
12426,Nigeria,PMO - US,From RDC,N/A - From RDC,Air,9-Nov-07,9-Nov-07,ARV,Adult,SCMS from RDC,SKU0044,"Lamivudine/Nevirapine/Stavudine 150/200/30mg, tablets, 60 Tabs",Generic,60,1246,9345,7.5,0.12,"Cipla, Goa, India",See DN-422 (ID#:10634),See DN-422 (ID#:10634),14.95
12428,Côte d'Ivoire,PMO - US,From RDC,N/A - From RDC,Air,13-Nov-07,13-Nov-07,ARV,Adult,SCMS from RDC,SKU0027,"Saquinavir 200mg [Invirase], capsules, 270 Caps",Invirase,270,23,1808.72,78.64,0.29,Roche Basel,See DN-423 (ID#:11194),See DN-423 (ID#:11194),2.89
12429,Zambia,PMO - US,From RDC,N/A - From RDC,Air,10-Apr-08,10-Apr-08,ARV,Adult,SCMS from RDC,SKU0026,"Efavirenz 600mg, tablets, 30 Tabs",Generic,30,25338,314697.96,12.42,0.41,Mylan (formerly Matrix) Nashik,1974,7836.6,503.52
12431,Mozambique,PMO - US,From RDC,N/A - From RDC,Air,8-Apr-08,8-Apr-08,ARV,Adult,SCMS from RDC,SKU0011,"Lamivudine/Zidovudine 150/300mg, tablets, 60 Tabs",Generic,60,7128,67716,9.5,0.16,"Cipla, Goa, India",See DN-603 (ID#:11197),See DN-603 (ID#:11197),108.35
12432,Côte d'Ivoire,PMO - US,From RDC,N/A - From RDC,Air,22-Nov-07,22-Nov-07,ARV,Pediatric,SCMS from RDC,SKU0092,"Didanosine 200mg, chewable/dispersible tablets, 60 Tabs",Generic,60,7744,297059.84,38.36,0.64,"Aurobindo Unit III, India",See DN-434 (ID#:11483),See DN-434 (ID#:11483),475.3
12433,Côte d'Ivoire,PMO - US,From RDC,N/A - From RDC,Air,22-Nov-07,22-Nov-07,ARV,Adult,SCMS from RDC,SKU0026,"Efavirenz 600mg, tablets, 30 Tabs",Generic,30,34020,422528.4,12.42,0.41,"Strides, Bangalore, India.",See DN-434 (ID#:11483),See DN-434 (ID#:11483),676.05
12434,Ethiopia,PMO - US,From RDC,N/A - From RDC,,31-Oct-07,31-Oct-07,ARV,Adult,SCMS from RDC,SKU0003,"Lamivudine 150mg, tablets, 60 Tabs",Generic,60,3145,9560.8,3.04,0.05,"Aurobindo Unit III, India",162,810.86,15.3
12435,Uganda,PMO - US,From RDC,N/A - From RDC,Air,10-Dec-07,10-Dec-07,ARV,Adult,SCMS from RDC,SKU0014,"Zidovudine 300mg, tablets, 60 Tabs",Generic,60,140,1141,8.15,0.14,"Aurobindo Unit III, India",See DN-435 (ID#:10908),See DN-435 (ID#:10908),1.83
12438,Côte d'Ivoire,PMO - US,From RDC,N/A - From RDC,Air,18-Dec-07,18-Dec-07,ARV,Adult,SCMS from RDC,SKU0004,"Stavudine 30mg, capsules, 60 Caps",Generic,60,6200,10850,1.75,0.03,"Aurobindo Unit III, India",354,4147.9,17.36
12439,Zambia,PMO - US,From RDC,N/A - From RDC,Air,6-Dec-07,6-Dec-07,ARV,Adult,SCMS from RDC,SKU0008,"Lopinavir/Ritonavir 200/50mg [Aluvia], tablets, 120 Tabs",Aluvia,120,12240,503064,41.1,0.34,ABBVIE (Abbott) Logis. UK,2662,9736.5,804.9
12441,Zambia,PMO - US,From RDC,N/A - From RDC,,28-Dec-07,28-Dec-07,ARV,Pediatric,SCMS from RDC,SKU0042,"Lopinavir/Ritonavir 80/20mg/ml [Kaletra], oral solution, cool, Bottle 5 x 60 ml",Kaletra,300,746,30660.6,41.1,0.14,ABBVIE (Abbott) Logis. UK,88,1566.21,49.06
12443,Haiti,PMO - US,From RDC,N/A - From RDC,Air,31-Dec-07,31-Dec-07,ARV,Adult,SCMS from RDC,SKU0007,"Nevirapine 200mg, tablets, 60 Tabs",Generic,60,42000,142800,3.4,0.06,"Aurobindo Unit III, India",3957,32483.5,228.48
12446,Zambia,PMO - US,From RDC,N/A - From RDC,Truck,19-Dec-07,19-Dec-07,ARV,Adult,SCMS from RDC,SKU0007,"Nevirapine 200mg, tablets, 60 Tabs",Generic,60,77724,264261.6,3.4,0.06,"Cipla, Goa, India",8554,24405,422.82
12447,Ethiopia,PMO - US,From RDC,N/A - From RDC,Air,20-Dec-07,25-Dec-07,ARV,Adult,SCMS from RDC,SKU0007,"Nevirapine 200mg, tablets, 60 Tabs",Generic,60,12745,43333,3.4,0.06,"Aurobindo Unit III, India",1197,8332,69.33
12451,Nigeria,PMO - US,From RDC,N/A - From RDC,Air,16-Jan-08,24-Jan-08,ARV,Adult,SCMS from RDC,SKU0054,"Lamivudine/Nevirapine/Zidovudine 150/200/300mg, tablets, 60 Tabs",Generic,60,4836,99138,20.5,0.34,"Aurobindo Unit III, India",531,3228,158.62
12452,Côte d'Ivoire,PMO - US,From RDC,N/A - From RDC,Air,25-Jan-08,25-Jan-08,ARV,Adult,SCMS from RDC,SKU0008,"Lopinavir/Ritonavir 200/50mg [Aluvia], tablets, 120 Tabs",Aluvia,120,2121,87173.1,41.1,0.34,ABBVIE Ludwigshafen Germany,465,2206,139.48
12453,Ethiopia,PMO - US,From RDC,N/A - From RDC,Air,31-Jan-08,31-Jan-08,ARV,Adult,SCMS from RDC,SKU0026,"Efavirenz 600mg, tablets, 30 Tabs",Generic,30,67624,839890.08,12.42,0.41,"Aurobindo Unit III, India",5840,20222.4,1343.82
12454,Mozambique,PMO - US,From RDC,N/A - From RDC,Air,8-Apr-08,5-Apr-08,ARV,Adult,SCMS from RDC,SKU0054,"Lamivudine/Nevirapine/Zidovudine 150/200/300mg, tablets, 60 Tabs",Generic,60,42700,576450,13.5,0.22,"Aurobindo Unit III, India",See DN-601 (ID#:10651),See DN-601 (ID#:10651),922.32
12455,Rwanda,PMO - US,From RDC,N/A - From RDC,Air,29-Feb-08,29-Feb-08,ARV,Pediatric,SCMS from RDC,SKU0048,"Lamivudine 10mg/ml, oral solution, Bottle, 240 ml",Generic,240,2000,3940,1.97,0.01,"Aurobindo Unit III, India",See DN-590 (ID#:11517),See DN-590 (ID#:11517),6.3
12456,Zambia,PMO - US,From RDC,N/A - From RDC,,28-Dec-07,28-Dec-07,ARV,Adult,SCMS from RDC,SKU0007,"Nevirapine 200mg, tablets, 60 Tabs",Generic,60,58680,199512,3.4,0.06,"Aurobindo Unit III, India",5557,15245.25,319.22
12459,Zambia,PMO - US,From RDC,N/A - From RDC,,25-Jan-08,25-Jan-08,ARV,Adult,SCMS from RDC,SKU0026,"Efavirenz 600mg, tablets, 30 Tabs",Generic,30,14465,179655.3,12.42,0.41,Mylan (formerly Matrix) Nashik,1135,4428.75,287.45
12460,Côte d'Ivoire,PMO - US,From RDC,N/A - From RDC,Air,29-Jan-08,29-Jan-08,ARV,Pediatric,SCMS from RDC,SKU0048,"Lamivudine 10mg/ml, oral solution, Bottle, 240 ml",Generic,240,15000,29550,1.97,0.01,"Aurobindo Unit III, India",See DN-569 (ID#:11224),See DN-569 (ID#:11224),47.28
12461,Rwanda,PMO - US,From RDC,N/A - From RDC,Air,28-Jan-08,28-Jan-08,HRDT,HIV test,SCMS from RDC,SKU0017,"HIV 1/2, Determine HIV Kit, without Lancets, 100 Tests",Determine,100,2093,150675.07,71.99,0.72,Inverness Japan,See DN-571 (ID#:10660),See DN-571 (ID#:10660),241.08
12462,Rwanda,PMO - US,From RDC,N/A - From RDC,Air,28-Jan-08,28-Jan-08,HRDT,HIV test - Ancillary,SCMS from RDC,SKU0022,"HIV, Lancet, Safety, for HIV Test kits, 100 Pcs",Generic,100,1250,12.5,0.01,0,Inverness Japan,See DN-572 (ID#:11840),See DN-572 (ID#:11840),0.02
12464,Haiti,PMO - US,From RDC,N/A - From RDC,Air,22-Jan-08,22-Jan-08,ARV,Adult,SCMS from RDC,SKU0059,"Stavudine 20mg, capsules, 60 Caps",Generic,60,100,175,1.75,0.03,"Aurobindo Unit III, India",See DN-445 (ID#:10640),See DN-445 (ID#:10640),0.28
12465,Nigeria,PMO - US,From RDC,N/A - From RDC,Air,16-Jan-08,16-Jan-08,ARV,Pediatric,SCMS from RDC,SKU0048,"Lamivudine 10mg/ml, oral solution, Bottle, 240 ml",Generic,240,4,10.36,2.59,0.01,"Aurobindo Unit III, India",See DN-551 (ID#:11523),See DN-551 (ID#:11523),0.02
12470,Ethiopia,PMO - US,From RDC,N/A - From RDC,Air,4-Feb-08,4-Feb-08,ARV,Pediatric,SCMS from RDC,SKU0005,"Zidovudine 10mg/ml, oral solution, Bottle, 240 ml",Generic,240,3326,7150.9,2.15,0.01,"Aurobindo Unit III, India",1225,4485.25,11.44
12471,Côte d'Ivoire,PMO - US,From RDC,N/A - From RDC,Air,5-Feb-08,19-Feb-08,ARV,Adult,SCMS from RDC,SKU0044,"Lamivudine/Nevirapine/Stavudine 150/200/30mg, tablets, 60 Tabs",Generic,60,35600,263440,7.4,0.12,"Cipla, Goa, India",3731,6778.91,421.5
12472,Côte d'Ivoire,PMO - US,From RDC,N/A - From RDC,Air,6-Mar-08,19-Feb-08,ARV,Adult,SCMS from RDC,SKU0011,"Lamivudine/Zidovudine 150/300mg, tablets, 60 Tabs",Generic,60,371,3524.5,9.5,0.16,"Aurobindo Unit III, India",4689,8321.29,5.64
12473,Zimbabwe,PMO - US,From RDC,N/A - From RDC,Air,1-Jul-08,1-Jul-08,HRDT,HIV test,SCMS from RDC,SKU0019,"HIV 1/2, Bioline 3.0 Kit, Lancets, Capillary pipets, Alcohol swabs included, 25 Tests",Bioline,25,9700,194000,20,0.8,"Standard Diagnostics, Korea",2907,12781.58,310.4
12475,Haiti,PMO - US,From RDC,N/A - From RDC,Air,11-Apr-08,11-Apr-08,ARV,Pediatric,SCMS from RDC,SKU0102,"Efavirenz 30mg/ml [Stocrin/Sustiva], oral solution, Bottle, 180 ml",Stocrin/Sustiva,180,70,1187.2,16.96,0.09,"MSD, Haarlem, NL",30,933.09,1.9
12476,Haiti,PMO - US,From RDC,N/A - From RDC,Air,11-Apr-08,11-Apr-08,ARV,Pediatric,SCMS from RDC,SKU0102,"Efavirenz 30mg/ml [Stocrin/Sustiva], oral solution, Bottle, 180 ml",Stocrin/Sustiva,180,31,525.76,16.96,0.09,"MSD, Haarlem, NL",See DN-693 (ID#:12475),See DN-693 (ID#:12475),0.84
12477,Nigeria,PMO - US,From RDC,N/A - From RDC,Air,18-Apr-08,18-Apr-08,ARV,Adult,SCMS from RDC,SKU0004,"Stavudine 30mg, capsules, 60 Caps",Generic,60,1521,2311.92,1.52,0.03,"Aurobindo Unit III, India",See DN-717 (ID#:11858),See DN-717 (ID#:11858),3.7
12478,Nigeria,PMO - US,From RDC,N/A - From RDC,Air,18-Apr-08,18-Apr-08,ARV,Adult,SCMS from RDC,SKU0004,"Stavudine 30mg, capsules, 60 Caps",Generic,60,420,638.4,1.52,0.03,"Aurobindo Unit III, India",See DN-717 (ID#:11858),See DN-717 (ID#:11858),1.02
12479,Nigeria,PMO - US,From RDC,N/A - From RDC,Air,18-Apr-08,18-Apr-08,ARV,Adult,SCMS from RDC,SKU0026,"Efavirenz 600mg, tablets, 30 Tabs",Generic,30,3077,36954.77,12.01,0.4,"Aurobindo Unit III, India",See DN-717 (ID#:11858),See DN-717 (ID#:11858),59.13
12480,Nigeria,PMO - US,From RDC,N/A - From RDC,Air,18-Apr-08,18-Apr-08,ARV,Adult,SCMS from RDC,SKU0058,"Abacavir 300mg, tablets, 60 Tabs",Generic,60,15,412.95,27.53,0.46,Mylan (formerly Matrix) Nashik,See DN-717 (ID#:11858),See DN-717 (ID#:11858),0.66
12481,Tanzania,PMO - US,From RDC,N/A - From RDC,Air,29-Jul-08,29-Jul-08,ARV,Adult,SCMS from RDC,SKU0011,"Lamivudine/Zidovudine 150/300mg, tablets, 60 Tabs",Generic,60,122590,1158475.5,9.45,0.16,"Aurobindo Unit III, India",See DN-826 (ID#:10674),See DN-826 (ID#:10674),1853.56
12482,Zimbabwe,PMO - US,From RDC,N/A - From RDC,Truck,30-Jul-08,30-Jul-08,ARV,Adult,SCMS from RDC,SKU0044,"Lamivudine/Nevirapine/Stavudine 150/200/30mg, tablets, 60 Tabs",Generic,60,9732,72016.8,7.4,0.12,"Cipla, Goa, India",911,2705.71,115.23
12483,Haiti,PMO - US,From RDC,N/A - From RDC,Air,19-Mar-08,19-Mar-08,HRDT,HIV test,SCMS from RDC,SKU0017,"HIV 1/2, Determine HIV Kit, without Lancets, 100 Tests",Determine,100,345,23115,67,0.67,Inverness Japan,60,1328.2,36.98
12484,Tanzania,PMO - US,From RDC,N/A - From RDC,Truck,30-Jun-08,30-Jun-08,ARV,Adult,SCMS from RDC,SKU0026,"Efavirenz 600mg, tablets, 30 Tabs",Generic,30,75000,900750,12.01,0.4,"Aurobindo Unit III, India",15566,9330,1441.2
12485,Zambia,PMO - US,From RDC,N/A - From RDC,Air,3-Apr-08,3-Apr-08,ARV,Adult,SCMS from RDC,SKU0011,"Lamivudine/Zidovudine 150/300mg, tablets, 60 Tabs",Generic,60,6597,62671.5,9.5,0.16,"Aurobindo Unit III, India",617,2891.6,100.27
12486,Tanzania,PMO - US,From RDC,N/A - From RDC,Air,16-Sep-08,16-Sep-08,ARV,Adult,SCMS from RDC,SKU0044,"Lamivudine/Nevirapine/Stavudine 150/200/30mg, tablets, 60 Tabs",Generic,60,155319,1149360.6,7.4,0.12,"Cipla, Goa, India",28334,80239.66,1838.98
12487,Nigeria,PMO - US,From RDC,N/A - From RDC,Air,14-Feb-08,14-Feb-08,ARV,Adult,SCMS from RDC,SKU0054,"Lamivudine/Nevirapine/Zidovudine 150/200/300mg, tablets, 60 Tabs",Generic,60,8940,120690,13.5,0.22,"Cipla, Goa, India",See DN-620 (ID#:12168),See DN-620 (ID#:12168),193.1
12488,Mozambique,PMO - US,From RDC,N/A - From RDC,Air,5-Jun-08,5-Jun-08,ARV,Adult,SCMS from RDC,SKU0026,"Efavirenz 600mg, tablets, 30 Tabs",Generic,30,33787,419634.54,12.42,0.41,"Aurobindo Unit III, India",6081,3316.9,671.42
12490,Haiti,PMO - US,From RDC,N/A - From RDC,Air,2-Jun-08,2-Jun-08,ARV,Adult,SCMS from RDC,SKU0059,"Stavudine 20mg, capsules, 60 Caps",Generic,60,39,68.25,1.75,0.03,"Aurobindo Unit III, India",See DN-744 (ID#:10684),See DN-744 (ID#:10684),0.11
12492,Zambia,PMO - US,From RDC,N/A - From RDC,,28-Mar-08,28-Mar-08,ARV,Adult,SCMS from RDC,SKU0007,"Nevirapine 200mg, tablets, 60 Tabs",Generic,60,40000,136000,3.4,0.06,Hetero Unit III Hyderabad IN,See DN-625 (ID#:10956),See DN-625 (ID#:10956),217.6
12493,Uganda,PMO - US,From RDC,N/A - From RDC,Air,19-May-08,19-May-08,ARV,Adult,SCMS from RDC,SKU0011,"Lamivudine/Zidovudine 150/300mg, tablets, 60 Tabs",Generic,60,800,7560,9.45,0.16,"Aurobindo Unit III, India",75,935.8,12.1
12495,Tanzania,PMO - US,From RDC,N/A - From RDC,Truck,30-Jun-08,30-Jun-08,ARV,Adult,SCMS from RDC,SKU0011,"Lamivudine/Zidovudine 150/300mg, tablets, 60 Tabs",Generic,60,112191,1060204.95,9.45,0.16,"Aurobindo Unit III, India",10453,8831.92,1696.33
12496,Nigeria,PMO - US,From RDC,N/A - From RDC,Air,31-Jul-08,31-Jul-08,ARV,Pediatric,SCMS from RDC,SKU0066,"Efavirenz 200mg, capsule, 90 Caps",Generic,90,1132,18112,16,0.18,"Aurobindo Unit III, India",See DN-836 (ID#:11244),See DN-836 (ID#:11244),28.98
12497,Côte d'Ivoire,PMO - US,From RDC,N/A - From RDC,Air,8-Apr-08,8-Apr-08,ARV,Pediatric,SCMS from RDC,SKU0076,"Stavudine 1mg/ml, powder for oral solution, 200 ml",Generic,200,1971,2759.4,1.4,0.01,"Aurobindo Unit III, India",See DN-684 (ID#:11884),See DN-684 (ID#:11884),4.42
12498,Ethiopia,PMO - US,From RDC,N/A - From RDC,Air,21-Apr-08,21-Apr-08,ARV,Pediatric,SCMS from RDC,SKU0076,"Stavudine 1mg/ml, powder for oral solution, 200 ml",Generic,200,3000,4200,1.4,0.01,"Aurobindo Unit III, India",342,1850.7,6.72
12499,Kenya,PMO - US,From RDC,N/A - From RDC,Truck,5-Mar-08,5-Mar-08,HRDT,HIV test - Ancillary,SCMS from RDC,SKU0022,"HIV, Lancet, Safety, for HIV Test kits, 100 Pcs",Generic,100,1550,15.5,0.01,0,Inverness Japan,See DN-675 (ID#:11247),See DN-675 (ID#:11247),0.02
12500,Haiti,PMO - US,From RDC,N/A - From RDC,Air,21-Mar-08,21-Mar-08,ARV,Adult,SCMS from RDC,SKU0004,"Stavudine 30mg, capsules, 60 Caps",Generic,60,7770,11810.4,1.52,0.03,"Aurobindo Unit III, India",See DN-682 (ID#:10963),See DN-682 (ID#:10963),18.9
12501,Côte d'Ivoire,PMO - US,From RDC,N/A - From RDC,,3-Mar-08,3-Mar-08,HRDT,HIV test,SCMS from RDC,SKU0017,"HIV 1/2, Determine HIV Kit, without Lancets, 100 Tests",Determine,100,1505,108344.95,71.99,0.72,Inverness Japan,See DN-641 (ID#:10695),See DN-641 (ID#:10695),173.35
12502,Tanzania,PMO - US,From RDC,N/A - From RDC,Air,28-Mar-08,28-Mar-08,ARV,Adult,SCMS from RDC,SKU0011,"Lamivudine/Zidovudine 150/300mg, tablets, 60 Tabs",Generic,60,48610,461795,9.5,0.16,"Aurobindo Unit III, India",See DN-637 (ID#:12195),See DN-637 (ID#:12195),738.87
12503,Haiti,PMO - US,From RDC,N/A - From RDC,Air,21-Apr-08,21-Apr-08,ARV,Adult,SCMS from RDC,SKU0014,"Zidovudine 300mg, tablets, 60 Tabs",Generic,60,3115,25387.25,8.15,0.14,"Aurobindo Unit III, India",178,2599,40.62
12504,Tanzania,PMO - US,From RDC,N/A - From RDC,Air,30-Jun-08,30-Jun-08,ARV,Adult,SCMS from RDC,SKU0011,"Lamivudine/Zidovudine 150/300mg, tablets, 60 Tabs",Generic,60,6722,63859,9.5,0.16,"Aurobindo Unit III, India",634,1108.08,102.17
12505,Zambia,PMO - US,From RDC,N/A - From RDC,Truck,23-Jul-08,23-Jul-08,ARV,Adult,SCMS from RDC,SKU0026,"Efavirenz 600mg, tablets, 30 Tabs",Generic,30,55000,660550,12.01,0.4,Mylan (formerly Matrix) Nashik,3925,2196.18,1056.88
12506,Côte d'Ivoire,PMO - US,From RDC,N/A - From RDC,Air,27-Feb-08,27-Feb-08,ARV,Adult,SCMS from RDC,SKU0007,"Nevirapine 200mg, tablets, 60 Tabs",Generic,60,17621,59911.4,3.4,0.06,"Aurobindo Unit III, India",1650,3428.5,95.86
12507,Côte d'Ivoire,PMO - US,From RDC,N/A - From RDC,Air,13-Mar-08,13-Mar-08,HRDT,HIV test,SCMS from RDC,SKU0017,"HIV 1/2, Determine HIV Kit, without Lancets, 100 Tests",Determine,100,250,17997.5,71.99,0.72,Inverness Japan,See DN-632 (ID#:11547),See DN-632 (ID#:11547),28.8
12508,Zimbabwe,PMO - US,From RDC,N/A - From RDC,Truck,12-Mar-08,12-Mar-08,ARV,Adult,SCMS from RDC,SKU0014,"Zidovudine 300mg, tablets, 60 Tabs",Generic,60,6295,51304.25,8.15,0.14,"Aurobindo Unit III, India",See DN-644 (ID#:11894),See DN-644 (ID#:11894),82.09
12509,Haiti,PMO - US,From RDC,N/A - From RDC,Air,2-Jun-08,2-Jun-08,ARV,Adult,SCMS from RDC,SKU0014,"Zidovudine 300mg, tablets, 60 Tabs",Generic,60,1925,15688.75,8.15,0.14,"Aurobindo Unit III, India",111,1355.06,25.1
12510,Kenya,PMO - US,From RDC,N/A - From RDC,Truck,26-May-08,26-May-08,HRDT,HIV test - Ancillary,SCMS from RDC,SKU0022,"HIV, Lancet, Safety, for HIV Test kits, 100 Pcs",Generic,100,1000,10,0.01,0,Inverness Japan,See DN-760 (ID#:12207),See DN-760 (ID#:12207),0.02
12511,Haiti,PMO - US,From RDC,N/A - From RDC,Air,14-Apr-08,14-Apr-08,ARV,Adult,SCMS from RDC,SKU0008,"Lopinavir/Ritonavir 200/50mg [Aluvia], tablets, 120 Tabs",Aluvia,120,240,9864,41.1,0.34,ABBVIE Ludwigshafen Germany,See DN-690 (ID#:10706),See DN-690 (ID#:10706),15.78
12515,Mozambique,PMO - US,From RDC,N/A - From RDC,Air,7-Aug-08,7-Aug-08,ARV,Adult,SCMS from RDC,SKU0044,"Lamivudine/Nevirapine/Stavudine 150/200/30mg, tablets, 60 Tabs",Generic,60,138325,995940,7.2,0.12,"Strides, Bangalore, India.",See DN-817 (ID#:10981),See DN-817 (ID#:10981),1593.5
12516,Tanzania,PMO - US,From RDC,N/A - From RDC,Air,1-Jul-08,1-Jul-08,ARV,Adult,SCMS from RDC,SKU0004,"Stavudine 30mg, capsules, 60 Caps",Generic,60,75318,114483.36,1.52,0.03,"Aurobindo Unit III, India",5040,22965.4,183.17
12517,Tanzania,PMO - US,From RDC,N/A - From RDC,Air,9-Jul-08,9-Jul-08,ARV,Adult,SCMS from RDC,SKU0026,"Efavirenz 600mg, tablets, 30 Tabs",Generic,30,101445,1259946.9,12.42,0.41,"Aurobindo Unit III, India",See DN-763 (ID#:10982),See DN-763 (ID#:10982),2015.92
12518,Tanzania,PMO - US,From RDC,N/A - From RDC,Air,9-Jul-08,9-Jul-08,ARV,Adult,SCMS from RDC,SKU0011,"Lamivudine/Zidovudine 150/300mg, tablets, 60 Tabs",Generic,60,58086,551817,9.5,0.16,"Aurobindo Unit III, India",See DN-763 (ID#:10982),See DN-763 (ID#:10982),882.91
12519,Uganda,PMO - US,From RDC,N/A - From RDC,Air,10-Jul-08,10-Jul-08,ARV,Adult,SCMS from RDC,SKU0004,"Stavudine 30mg, capsules, 60 Caps",Generic,60,500,775,1.55,0.03,"Aurobindo Unit III, India",33,578.24,1.24
12521,Mozambique,PMO - US,From RDC,N/A - From RDC,Air,9-Feb-09,9-Feb-09,ARV,Pediatric,SCMS from RDC,SKU0066,"Efavirenz 200mg, capsule, 90 Caps",Generic,90,560,8545.6,15.26,0.17,"Aurobindo Unit III, India",See DN-1024 (ID#:10984),See DN-1024 (ID#:10984),16.75
12522,Mozambique,PMO - US,From RDC,N/A - From RDC,Air,27-Nov-08,27-Nov-08,ARV,Adult,SCMS from RDC,SKU0052,"Ritonavir 100mg [Norvir], capsules, cool, 4 x 84 Caps",Norvir,336,180,0,0,0,ABBVIE (Abbott) France,256,2765.64,0
12523,Kenya,PMO - US,From RDC,N/A - From RDC,Truck,23-Oct-08,23-Oct-08,HRDT,HIV test,SCMS from RDC,SKU0017,"HIV 1/2, Determine HIV Kit, without Lancets, 100 Tests",Determine,100,5000,399950,79.99,0.8,Inverness Japan,See DN-965 (ID#:11563),See DN-965 (ID#:11563),783.9
12524,Guyana,PMO - US,From RDC,N/A - From RDC,Air,21-Nov-08,21-Nov-08,ARV,Adult,SCMS from RDC,SKU0003,"Lamivudine 150mg, tablets, 60 Tabs",Generic,60,420,1218,2.9,0.05,"Aurobindo Unit III, India",See DN-1017 (ID#:11564),See DN-1017 (ID#:11564),2.39
12525,Zambia,PMO - US,From RDC,N/A - From RDC,Truck,1-Dec-08,1-Dec-08,ARV,Adult,SCMS from RDC,SKU0007,"Nevirapine 200mg, tablets, 60 Tabs",Generic,60,50000,170000,3.4,0.06,Hetero Unit III Hyderabad IN,2809,3629.37,333.2
12526,Zambia,PMO - US,From RDC,N/A - From RDC,Air,14-Nov-08,14-Nov-08,ARV,Pediatric,SCMS from RDC,SKU0005,"Zidovudine 10mg/ml, oral solution, Bottle, 240 ml",Generic,240,1800,3780,2.1,0.01,"Aurobindo Unit III, India",671,5110.76,7.41
12527,Nigeria,PMO - US,From RDC,N/A - From RDC,Air,20-Nov-08,20-Nov-08,ARV,Pediatric,SCMS from RDC,SKU0076,"Stavudine 1mg/ml, powder for oral solution, 200 ml",Generic,200,36,50.4,1.4,0.01,"Aurobindo Unit III, India",4,857.17,0.1
12530,Pakistan,PMO - US,From RDC,N/A - From RDC,Air,17-Nov-08,17-Nov-08,HRDT,HIV test,SCMS from RDC,SKU0019,"HIV 1/2, Bioline 3.0 Kit, Lancets, Capillary pipets, Alcohol swabs included, 25 Tests",Bioline,25,16,320,20,0.8,"Standard Diagnostics, Korea",See DN-1004 (ID#:11280),See DN-1004 (ID#:11280),0.63
12531,Nigeria,PMO - US,From RDC,N/A - From RDC,Air,28-Jul-08,28-Jul-08,ARV,Adult,SCMS from RDC,SKU0053,"Emtricitabine/Tenofovir Disoproxil Fumarate 200/300mg [Truvada], tablets, 30 Tabs",Truvada,30,15000,393750,26.25,0.88,"Aspen-OSD, Port Elizabeth, SA",1309,7463.74,630
12532,Zambia,PMO - US,From RDC,N/A - From RDC,Truck,6-Oct-08,6-Oct-08,ARV,Adult,SCMS from RDC,SKU0026,"Efavirenz 600mg, tablets, 30 Tabs",Generic,30,50000,600500,12.01,0.4,Mylan (formerly Matrix) Nashik,3817,4579.42,960.8
12533,Zambia,PMO - US,From RDC,N/A - From RDC,Truck,1-Dec-08,1-Dec-08,ARV,Adult,SCMS from RDC,SKU0007,"Nevirapine 200mg, tablets, 60 Tabs",Generic,60,138,469.2,3.4,0.06,Hetero Unit III Hyderabad IN,See DN-993 (ID#:11919),See DN-993 (ID#:11919),0.92
12534,Kenya,PMO - US,From RDC,N/A - From RDC,Truck,31-Oct-08,31-Oct-08,HRDT,HIV test,SCMS from RDC,SKU0009,"HIV 1/2, Uni-Gold HIV Kit, 20 Tests",Uni-Gold,20,1250,40000,32,1.6,"Trinity Biotech, Plc",393,157.5,78.4
12535,Nigeria,PMO - US,From RDC,N/A - From RDC,Air,31-Jul-08,31-Jul-08,ARV,Adult,SCMS from RDC,SKU0053,"Emtricitabine/Tenofovir Disoproxil Fumarate 200/300mg [Truvada], tablets, 30 Tabs",Truvada,30,20000,525000,26.25,0.88,"Aspen-OSD, Port Elizabeth, SA",1741,10665.71,840
12536,Uganda,PMO - US,From RDC,N/A - From RDC,Ocean,2-Feb-09,2-Feb-09,ARV,Adult,SCMS from RDC,SKU0098,"Lamivudine/Stavudine 150/30mg, tablets, 30 Tabs",Generic,30,1166,2332,2,0.07,"Cipla, Goa, India",71,1240,4.57
12537,Mozambique,PMO - US,From RDC,N/A - From RDC,Air,5-Sep-08,5-Sep-08,ARV,Adult,SCMS from RDC,SKU0026,"Efavirenz 600mg, tablets, 30 Tabs",Generic,30,9650,115896.5,12.01,0.4,"Aurobindo Unit III, India",See DN-850 (ID#:10733),See DN-850 (ID#:10733),185.43
12538,Mozambique,PMO - US,From RDC,N/A - From RDC,Air,5-Sep-08,5-Sep-08,ARV,Adult,SCMS from RDC,SKU0054,"Lamivudine/Nevirapine/Zidovudine 150/200/300mg, tablets, 60 Tabs",Generic,60,16990,229365,13.5,0.22,"Aurobindo Unit III, India",See DN-850 (ID#:10733),See DN-850 (ID#:10733),366.98
12539,Mozambique,PMO - US,From RDC,N/A - From RDC,Air,5-Sep-08,5-Sep-08,ARV,Adult,SCMS from RDC,SKU0003,"Lamivudine 150mg, tablets, 60 Tabs",Generic,60,120,349.2,2.91,0.05,Hetero Unit III Hyderabad IN,See DN-850 (ID#:10733),See DN-850 (ID#:10733),0.56
12541,Côte d'Ivoire,PMO - US,From RDC,N/A - From RDC,Air,2-Mar-09,2-Mar-09,ARV,Adult,SCMS from RDC,SKU0007,"Nevirapine 200mg, tablets, 60 Tabs",Generic,60,22566,67698,3,0.05,"Aurobindo Unit III, India",2113,5574.06,132.69
12542,Uganda,PMO - US,From RDC,N/A - From RDC,Air,3-Mar-09,3-Mar-09,ARV,Adult,SCMS from RDC,SKU0054,"Lamivudine/Nevirapine/Zidovudine 150/200/300mg, tablets, 60 Tabs",Generic,60,88,1038.4,11.8,0.2,"Aurobindo Unit III, India",10,1002.2,2.04
12543,Uganda,PMO - US,From RDC,N/A - From RDC,Air,19-Mar-09,19-Mar-09,ARV,Adult,SCMS from RDC,SKU0026,"Efavirenz 600mg, tablets, 30 Tabs",Generic,30,9,99,11,0.37,"Aurobindo Unit III, India",1,966.37,0.19
12544,Uganda,PMO - US,From RDC,N/A - From RDC,Air,9-Jan-09,9-Jan-09,ARV,Adult,SCMS from RDC,SKU0044,"Lamivudine/Nevirapine/Stavudine 150/200/30mg, tablets, 60 Tabs",Generic,60,965,6948,7.2,0.12,"Strides, Bangalore, India.",See DN-992 (ID#:11602),See DN-992 (ID#:11602),13.62
12545,Nigeria,PMO - US,From RDC,N/A - From RDC,Air,26-Feb-09,26-Feb-09,ARV,Adult,SCMS from RDC,SKU0004,"Stavudine 30mg, capsules, 60 Caps",Generic,60,11142,17270.1,1.55,0.03,"Aurobindo Unit III, India",739,6315.3,33.85
12546,Côte d'Ivoire,PMO - US,From RDC,N/A - From RDC,Air,18-Mar-09,18-Mar-09,ARV,Pediatric,SCMS from RDC,SKU0005,"Zidovudine 10mg/ml, oral solution, Bottle, 240 ml",Generic,240,1643,3450.3,2.1,0.01,"Aurobindo Unit III, India",483,7293.9,6.76
12547,Uganda,PMO - US,From RDC,N/A - From RDC,Air,8-Apr-09,8-Apr-09,ARV,Adult,SCMS from RDC,SKU0053,"Emtricitabine/Tenofovir Disoproxil Fumarate 200/300mg [Truvada], tablets, 30 Tabs",Truvada,30,328,8610,26.25,0.88,"Aspen-OSD, Port Elizabeth, SA",See DN-1125 (ID#:11298),See DN-1125 (ID#:11298),16.88
12548,Nigeria,PMO - US,From RDC,N/A - From RDC,Air,24-Sep-08,24-Sep-08,ARV,Adult,SCMS from RDC,SKU0026,"Efavirenz 600mg, tablets, 30 Tabs",Generic,30,1957,22936.04,11.72,0.39,"Aurobindo Unit III, India",See DN-917 (ID#:10745),See DN-917 (ID#:10745),36.7
12549,Haiti,PMO - US,From RDC,N/A - From RDC,Air,4-Nov-08,4-Nov-08,ARV,Adult,SCMS from RDC,SKU0026,"Efavirenz 600mg, tablets, 30 Tabs",Generic,30,24599,270589,11,0.37,"Aurobindo Unit III, India",See DN-944 (ID#:11012),See DN-944 (ID#:11012),530.35
12550,Nigeria,PMO - US,From RDC,N/A - From RDC,Air,19-Jan-09,19-Jan-09,ARV,Adult,SCMS from RDC,SKU0026,"Efavirenz 600mg, tablets, 30 Tabs",Generic,30,14000,154000,11,0.37,"Aurobindo Unit III, India",1169,13538.35,301.84
12551,Nigeria,PMO - US,From RDC,N/A - From RDC,Air,24-Jul-08,24-Jul-08,ARV,Adult,SCMS from RDC,SKU0007,"Nevirapine 200mg, tablets, 60 Tabs",Generic,60,1672,5684.8,3.4,0.06,"Aurobindo Unit III, India",See DN-844 (ID#:12249),See DN-844 (ID#:12249),9.1
12552,Uganda,PMO - US,From RDC,N/A - From RDC,Air,6-Jan-09,6-Jan-09,ARV,Adult,SCMS from RDC,SKU0098,"Lamivudine/Stavudine 150/30mg, tablets, 30 Tabs",Generic,30,938,1876,2,0.07,"Cipla, Goa, India",See DN-987 (ID#:12252),See DN-987 (ID#:12252),3.68
12553,Ethiopia,PMO - US,From RDC,N/A - From RDC,Air,18-Feb-09,18-Feb-09,ARV,Adult,SCMS from RDC,SKU0029,"Tenofovir Disoproxil Fumarate 300mg, tablets, 30 Tabs",Generic,30,3100,41168,13.28,0.44,Mylan (formerly Matrix) Nashik,See DN-1060 (ID#:11618),See DN-1060 (ID#:11618),80.69
12554,Ethiopia,PMO - US,From RDC,N/A - From RDC,Air,29-Jan-09,29-Jan-09,ARV,Adult,SCMS from RDC,SKU0044,"Lamivudine/Nevirapine/Stavudine 150/200/30mg, tablets, 60 Tabs",Generic,60,17103,121773.36,7.12,0.12,"Cipla, Goa, India",See DN-1061 (ID#:11019),See DN-1061 (ID#:11019),238.68
12555,Nigeria,PMO - US,From RDC,N/A - From RDC,Air,30-Oct-08,30-Oct-08,ARV,Adult,SCMS from RDC,SKU0011,"Lamivudine/Zidovudine 150/300mg, tablets, 60 Tabs",Generic,60,2708,25590.6,9.45,0.16,Mylan (formerly Matrix) Nashik,See DN-960 (ID#:11945),See DN-960 (ID#:11945),50.16
12556,Côte d'Ivoire,PMO - US,From RDC,N/A - From RDC,Air,26-May-09,26-May-09,ARV,Adult,SCMS from RDC,SKU0026,"Efavirenz 600mg, tablets, 30 Tabs",Generic,30,36391,386472.42,10.62,0.35,"Aurobindo Unit III, India",4156,11180.32,757.49
12557,Côte d'Ivoire,PMO - US,From RDC,N/A - From RDC,Air,26-May-09,26-May-09,ARV,Pediatric,SCMS from RDC,SKU0048,"Lamivudine 10mg/ml, oral solution, Bottle, 240 ml",Generic,240,3060,5814,1.9,0.01,"Aurobindo Unit III, India",See DN-1120 (ID#:12556),See DN-1120 (ID#:12556),11.4
12558,Nigeria,PMO - US,From RDC,N/A - From RDC,Air Charter,19-Mar-09,19-Mar-09,ARV,Adult,SCMS from RDC,SKU0054,"Lamivudine/Nevirapine/Zidovudine 150/200/300mg, tablets, 60 Tabs",Generic,60,15944,181761.6,11.4,0.19,"Aurobindo Unit III, India",1793,11492.86,356.25
12560,Côte d'Ivoire,PMO - US,From RDC,N/A - From RDC,Air,20-Mar-09,20-Mar-09,ARV,Pediatric,SCMS from RDC,SKU0042,"Lopinavir/Ritonavir 80/20mg/ml [Kaletra], oral solution, cool, Bottle 5 x 60 ml",Kaletra,300,896,36825.6,41.1,0.14,ABBVIE (Abbott) Logis. UK,Weight Captured Separately,Invoiced Separately,72.18
12561,Zambia,PMO - US,From RDC,N/A - From RDC,Truck,7-Nov-08,7-Nov-08,ARV,Pediatric,SCMS from RDC,SKU0082,"Didanosine 100mg, chewable/dispersible tablets, 60 Tabs",Generic,60,4200,32550,7.75,0.13,"Aurobindo Unit III, India",867,2938.92,63.8
12563,Côte d'Ivoire,PMO - US,From RDC,N/A - From RDC,Air,23-Mar-09,23-Mar-09,ARV,Pediatric,SCMS from RDC,SKU0042,"Lopinavir/Ritonavir 80/20mg/ml [Kaletra], oral solution, cool, Bottle 5 x 60 ml",Kaletra,300,405,16645.5,41.1,0.14,ABBVIE (Abbott) Logis. UK,See DN-1163 (ID#:11030),See DN-1163 (ID#:11030),32.63
12564,Côte d'Ivoire,PMO - US,From RDC,N/A - From RDC,Air,19-Jun-09,19-Jun-09,ARV,Adult,SCMS from RDC,SKU0007,"Nevirapine 200mg, tablets, 60 Tabs",Generic,60,5259,15777,3,0.05,Hetero Unit III Hyderabad IN,294,5432.93,30.92
12565,Zambia,PMO - US,From RDC,N/A - From RDC,Truck,27-Apr-09,27-Apr-09,ARV,Adult,SCMS from RDC,SKU0026,"Efavirenz 600mg, tablets, 30 Tabs",Generic,30,60000,660000,11,0.37,"Aurobindo Unit III, India",5144,13853.29,1293.6
12567,Mozambique,PMO - US,From RDC,N/A - From RDC,Air,16-Jun-09,16-Jun-09,ARV,Adult,SCMS from RDC,SKU0054,"Lamivudine/Nevirapine/Zidovudine 150/200/300mg, tablets, 60 Tabs",Generic,60,26292,310245.6,11.8,0.2,Mylan (formerly Matrix) Nashik,3218,15990.35,608.08
12568,Nigeria,PMO - US,From RDC,N/A - From RDC,Air Charter,8-May-09,8-May-09,ARV,Adult,SCMS from RDC,SKU0054,"Lamivudine/Nevirapine/Zidovudine 150/200/300mg, tablets, 60 Tabs",Generic,60,71422,814210.8,11.4,0.19,"Aurobindo Unit III, India",8016,15128.37,1595.85
12569,Uganda,PMO - US,From RDC,N/A - From RDC,Air,24-Apr-09,24-Apr-09,ARV,Adult,SCMS from RDC,SKU0008,"Lopinavir/Ritonavir 200/50mg [Aluvia], tablets, 120 Tabs",Aluvia,120,80,3288,41.1,0.34,ABBVIE Ludwigshafen Germany,19,1381.64,6.44
12570,Nigeria,PMO - US,From RDC,N/A - From RDC,Air,29-Apr-09,29-Apr-09,ARV,Adult,SCMS from RDC,SKU0053,"Emtricitabine/Tenofovir Disoproxil Fumarate 200/300mg [Truvada], tablets, 30 Tabs",Truvada,30,17933,470741.25,26.25,0.88,"Aspen-OSD, Port Elizabeth, SA",1564,16864.58,922.65
12571,Nigeria,PMO - US,From RDC,N/A - From RDC,Air Charter,8-May-09,8-May-09,ARV,Adult,SCMS from RDC,SKU0011,"Lamivudine/Zidovudine 150/300mg, tablets, 60 Tabs",Generic,60,10000,93500,9.35,0.16,"Aurobindo Unit III, India",905,15128.37,183.26
12572,Haiti,PMO - US,From RDC,N/A - From RDC,Air,19-May-09,19-May-09,ARV,Pediatric,SCMS from RDC,SKU0071,"Abacavir 20mg/ml, oral solution, Bottle, 240 ml",Generic,240,398,5970,15,0.06,"Aurobindo Unit III, India",See DN-1205 (ID#:11314),See DN-1205 (ID#:11314),11.7
12573,Nigeria,PMO - US,From RDC,N/A - From RDC,Air Charter,8-May-09,8-May-09,ARV,Adult,SCMS from RDC,SKU0107,"Lamivudine/Tenofovir Disoproxil Fumarate 300/300mg, tablets, 30 Tabs",Generic,30,23991,275896.5,11.5,0.38,Mylan (formerly Matrix) Nashik,2096,15128.37,540.76
12574,Haiti,PMO - US,From RDC,N/A - From RDC,Air,22-May-09,22-May-09,ARV,Pediatric,SCMS from RDC,SKU0102,"Efavirenz 30mg/ml [Stocrin/Sustiva], oral solution, Bottle, 180 ml",Stocrin/Sustiva,180,98,1662.08,16.96,0.09,"MSD, Haarlem, NL",28,988.24,3.26
12575,Côte d'Ivoire,PMO - US,From RDC,N/A - From RDC,Air,20-May-09,20-May-09,ARV,Adult,SCMS from RDC,SKU0011,"Lamivudine/Zidovudine 150/300mg, tablets, 60 Tabs",Generic,60,6476,56729.76,8.76,0.15,Mylan (formerly Matrix) Nashik,540,4881.06,111.19
12576,Nigeria,PMO - US,From RDC,N/A - From RDC,Ocean,30-Apr-09,30-Apr-09,ARV,Adult,SCMS from RDC,SKU0054,"Lamivudine/Nevirapine/Zidovudine 150/200/300mg, tablets, 60 Tabs",Generic,60,13334,152007.6,11.4,0.19,Mylan (formerly Matrix) Nashik,1626,17096.24,297.93
12577,Haiti,PMO - US,From RDC,N/A - From RDC,Air,22-May-09,22-May-09,ARV,Pediatric,SCMS from RDC,SKU0065,"Zidovudine 100mg, capsules, 100 Caps",Generic,100,504,2766.96,5.49,0.05,"Aurobindo Unit III, India",See DN-1221 (ID#:11636),See DN-1221 (ID#:11636),5.42
12578,Uganda,PMO - US,From RDC,N/A - From RDC,Air,24-Jun-09,24-Jun-09,ARV,Adult,SCMS from RDC,SKU0007,"Nevirapine 200mg, tablets, 60 Tabs",Generic,60,107,342.4,3.2,0.05,"Aurobindo Unit III, India",See DN-1222 (ID#:11317),See DN-1222 (ID#:11317),0.67
12579,Côte d'Ivoire,PMO - US,From RDC,N/A - From RDC,Air,11-Jun-09,11-Jun-09,ARV,Adult,SCMS from RDC,SKU0003,"Lamivudine 150mg, tablets, 60 Tabs",Generic,60,17100,41724,2.44,0.04,"Aurobindo Unit III, India",See DN-1234 (ID#:11970),See DN-1234 (ID#:11970),81.78
12580,Côte d'Ivoire,PMO - US,From RDC,N/A - From RDC,Air,11-Jun-09,11-Jun-09,ARV,Adult,SCMS from RDC,SKU0041,"Stavudine 15mg, capsules, 60 Caps",Generic,60,560,840,1.5,0.02,"Aurobindo Unit III, India",See DN-1234 (ID#:11970),See DN-1234 (ID#:11970),1.65
12581,Ghana,PMO - US,From RDC,N/A - From RDC,Truck,12-Aug-09,12-Aug-09,ARV,Pediatric,SCMS from RDC,SKU0042,"Lopinavir/Ritonavir 80/20mg/ml [Kaletra], oral solution, cool, Bottle 5 x 60 ml",Kaletra,300,1059,10.59,0.01,0,ABBVIE (Abbott) Logis. UK,Weight Captured Separately,Invoiced Separately,0.02
12585,Nigeria,PMO - US,From RDC,N/A - From RDC,Air Charter,16-Jun-09,16-Jun-09,ARV,Adult,SCMS from RDC,SKU0004,"Stavudine 30mg, capsules, 60 Caps",Generic,60,12000,17880,1.49,0.02,"Aurobindo Unit III, India",789,7329.83,35.04
12586,Namibia,PMO - US,From RDC,N/A - From RDC,Air,15-Jun-09,15-Jun-09,ARV,Adult,SCMS from RDC,SKU0107,"Lamivudine/Tenofovir Disoproxil Fumarate 300/300mg, tablets, 30 Tabs",Generic,30,5000,50000,10,0.33,Mylan (formerly Matrix) Nashik,419,2317.2,98
12587,Uganda,PMO - US,From RDC,N/A - From RDC,Air,24-Jun-09,24-Jun-09,ARV,Adult,SCMS from RDC,SKU0054,"Lamivudine/Nevirapine/Zidovudine 150/200/300mg, tablets, 60 Tabs",Generic,60,1155,13109.25,11.35,0.19,Mylan (formerly Matrix) Nashik,147,1848.59,25.69
12591,Uganda,PMO - US,From RDC,N/A - From RDC,Air,26-Jun-09,26-Jun-09,ARV,Adult,SCMS from RDC,SKU0008,"Lopinavir/Ritonavir 200/50mg [Aluvia], tablets, 120 Tabs",Aluvia,120,220,9042,41.1,0.34,ABBVIE Ludwigshafen Germany,50,1359.4,17.72
12592,Zambia,PMO - US,From RDC,N/A - From RDC,Truck,2-Jul-09,2-Jul-09,ARV,Adult,SCMS from RDC,SKU0107,"Lamivudine/Tenofovir Disoproxil Fumarate 300/300mg, tablets, 30 Tabs",Generic,30,92000,1058000,11.5,0.38,Mylan (formerly Matrix) Nashik,7101,16702.26,2073.68
12593,Zambia,PMO - US,From RDC,N/A - From RDC,Air,2-Jul-09,2-Jul-09,ARV,Pediatric,SCMS from RDC,SKU0066,"Efavirenz 200mg, capsule, 90 Caps",Generic,90,4000,61040,15.26,0.17,"Aurobindo Unit III, India",481,2951.12,119.64
12594,Côte d'Ivoire,PMO - US,From RDC,N/A - From RDC,Air,30-Jun-09,30-Jun-09,ARV,Adult,SCMS from RDC,SKU0053,"Emtricitabine/Tenofovir Disoproxil Fumarate 200/300mg [Truvada], tablets, 30 Tabs",Truvada,30,2160,56700,26.25,0.88,"Aspen-OSD, Port Elizabeth, SA",186,1660.07,111.13
12597,Haiti,PMO - US,From RDC,N/A - From RDC,Air,24-Jun-09,24-Jun-09,ARV,Adult,SCMS from RDC,SKU0011,"Lamivudine/Zidovudine 150/300mg, tablets, 60 Tabs",Generic,60,25824,226218.24,8.76,0.15,"Aurobindo Unit III, India",2359,26714.63,443.39
12598,Zambia,PMO - US,From RDC,N/A - From RDC,Truck,4-Sep-09,4-Sep-09,ARV,Adult,SCMS from RDC,SKU0044,"Lamivudine/Nevirapine/Stavudine 150/200/30mg, tablets, 60 Tabs",Generic,60,35000,249200,7.12,0.12,"Strides, Bangalore, India.",2604,2448.71,488.43
12599,Nigeria,PMO - US,From RDC,N/A - From RDC,Air Charter,4-Aug-09,4-Aug-09,ARV,Adult,SCMS from RDC,SKU0054,"Lamivudine/Nevirapine/Zidovudine 150/200/300mg, tablets, 60 Tabs",Generic,60,23670,269838,11.4,0.19,"Aurobindo Unit III, India",2666,7445.8,528.88
12600,Nigeria,PMO - US,From RDC,N/A - From RDC,Air Charter,4-Aug-09,4-Aug-09,ARV,Adult,SCMS from RDC,SKU0053,"Emtricitabine/Tenofovir Disoproxil Fumarate 200/300mg [Truvada], tablets, 30 Tabs",Truvada,30,671,17613.75,26.25,0.88,"Aspen-OSD, Port Elizabeth, SA",59,7445.8,34.52
12601,Zambia,PMO - US,From RDC,N/A - From RDC,Truck,15-Sep-09,15-Sep-09,ARV,Adult,SCMS from RDC,SKU0014,"Zidovudine 300mg, tablets, 60 Tabs",Generic,60,12294,94786.74,7.71,0.13,Hetero Unit III Hyderabad IN,629,8281.69,185.78
12602,Uganda,PMO - US,From RDC,N/A - From RDC,Air,15-Sep-09,15-Sep-09,ARV,Adult,SCMS from RDC,SKU0007,"Nevirapine 200mg, tablets, 60 Tabs",Generic,60,2250,6525,2.9,0.05,"Aurobindo Unit III, India",See DN-1300 (ID#:11669),See DN-1300 (ID#:11669),12.79
12603,Uganda,PMO - US,From RDC,N/A - From RDC,Air,10-Aug-09,10-Aug-09,ARV,Adult,SCMS from RDC,SKU0011,"Lamivudine/Zidovudine 150/300mg, tablets, 60 Tabs",Generic,60,2420,21199.2,8.76,0.15,Mylan (formerly Matrix) Nashik,202,1534.1,41.55
12604,Mozambique,PMO - US,From RDC,N/A - From RDC,Truck,17-Sep-09,17-Sep-09,ARV,Adult,SCMS from RDC,SKU0044,"Lamivudine/Nevirapine/Stavudine 150/200/30mg, tablets, 60 Tabs",Generic,60,42000,299040,7.12,0.12,"Strides, Bangalore, India.",See DN-1380 (ID#:12000),See DN-1380 (ID#:12000),586.12
12608,Mozambique,PMO - US,From RDC,N/A - From RDC,Truck,7-Oct-09,7-Oct-09,ARV,Adult,SCMS from RDC,SKU0104,"Lamivudine/Stavudine 150/30mg, tablets, 60 Tabs",Generic,60,17500,68250,3.9,0.06,Mylan (formerly Matrix) Nashik,1292,1588.05,133.77
12609,Zambia,PMO - US,From RDC,N/A - From RDC,Truck,22-Sep-09,22-Sep-09,ARV,Adult,SCMS from RDC,SKU0026,"Efavirenz 600mg, tablets, 30 Tabs",Generic,30,88000,968000,11,0.37,"Aurobindo Unit III, India",7579,6759.28,1897.28
12610,Tanzania,PMO - US,From RDC,N/A - From RDC,Truck,25-Sep-09,25-Sep-09,ARV,Adult,SCMS from RDC,SKU0021,"Tenofovir Disoproxil Fumarate 300mg [Viread], tablets, 30 Tabs",Viread,30,536,9112,17,0.57,"Aspen-OSD, Port Elizabeth, SA",41,2233.61,17.86
12611,Zambia,PMO - US,From RDC,N/A - From RDC,Truck,2-Oct-09,2-Oct-09,ARV,Adult,SCMS from RDC,SKU0011,"Lamivudine/Zidovudine 150/300mg, tablets, 60 Tabs",Generic,60,111538,977072.88,8.76,0.15,"Aurobindo Unit III, India",See DN-1432 (ID#:12320),See DN-1432 (ID#:12320),1915.06
12612,Mozambique,PMO - US,From RDC,N/A - From RDC,Air,27-Aug-09,27-Aug-09,ARV,Adult,SCMS from RDC,SKU0044,"Lamivudine/Nevirapine/Stavudine 150/200/30mg, tablets, 60 Tabs",Generic,60,98396,700579.52,7.12,0.12,"Strides, Bangalore, India.",7426,2400.25,1373.14
12613,Nigeria,PMO - US,From RDC,N/A - From RDC,Air Charter,20-Oct-09,20-Oct-09,ARV,Adult,SCMS from RDC,SKU0105,"Emtricitabine/Tenofovir Disoproxil Fumarate 200/300mg, tablets, 30 Tabs",Generic,30,121280,1425040,11.75,0.39,Mylan (formerly Matrix) Nashik,9813,9341.49,2793.08
12614,Tanzania,PMO - US,From RDC,N/A - From RDC,Truck,26-Oct-09,26-Oct-09,ARV,Adult,SCMS from RDC,SKU0058,"Abacavir 300mg, tablets, 60 Tabs",Generic,60,15900,404655,25.45,0.42,Mylan (formerly Matrix) Nashik,1630,2217.5,793.12
12616,Ethiopia,PMO - US,From RDC,N/A - From RDC,Air,6-Oct-09,6-Oct-09,ARV,Adult,SCMS from RDC,SKU0003,"Lamivudine 150mg, tablets, 60 Tabs",Generic,60,4275,10431,2.44,0.04,"Aurobindo Unit III, India",See DN-1471 (ID#:12015),See DN-1471 (ID#:12015),20.44
12617,Haiti,PMO - US,From RDC,N/A - From RDC,Air,13-Oct-09,13-Oct-09,ARV,Adult,SCMS from RDC,SKU0026,"Efavirenz 600mg, tablets, 30 Tabs",Generic,30,36456,226756.32,6.22,0.21,"Aurobindo Unit III, India",3160,32104.3,444.44
12618,Mozambique,PMO - US,From RDC,N/A - From RDC,Air,13-Nov-09,13-Nov-09,ARV,Adult,SCMS from RDC,SKU0004,"Stavudine 30mg, capsules, 60 Caps",Generic,60,945,1408.05,1.49,0.02,"Aurobindo Unit III, India",62,1074.8,3.04
12619,Côte d'Ivoire,PMO - US,From RDC,N/A - From RDC,Air,16-Nov-09,16-Nov-09,ARV,Adult,SCMS from RDC,SKU0053,"Emtricitabine/Tenofovir Disoproxil Fumarate 200/300mg [Truvada], tablets, 30 Tabs",Truvada,30,576,15120,26.25,0.88,"Aspen-OSD, Port Elizabeth, SA",Weight Captured Separately,Invoiced Separately,32.6
12620,Mozambique,PMO - US,From RDC,N/A - From RDC,Air,6-Jan-10,6-Jan-10,ARV,Adult,SCMS from RDC,SKU0004,"Stavudine 30mg, capsules, 60 Caps",Generic,60,735,1073.1,1.46,0.02,"Aurobindo Unit III, India",47,955.36,2.31
12622,Mozambique,PMO - US,From RDC,N/A - From RDC,Air,29-Mar-07,29-Mar-07,ARV,Pediatric,SCMS from RDC,SKU0048,"Lamivudine 10mg/ml, oral solution, Bottle, 240 ml",Generic,240,7707,18805.08,2.44,0.01,"Cipla, Goa, India",Weight Captured Separately,2123.04,
12625,Nigeria,PMO - US,From RDC,N/A - From RDC,,20-Sep-06,13-Jul-06,HRDT,HIV test,SCMS from RDC,SKU0016,"HIV 1/2, Stat-Pak HIV, Kit, 20 Tests",Stat-Pak,20,50000,67500,1.35,0.07,Chembio Diagnostics Sys. Inc.,712,Freight Included in Commodity Cost,
12628,Zambia,PMO - US,From RDC,N/A - From RDC,,28-Mar-07,28-Mar-07,ARV,Adult,SCMS from RDC,SKU0026,"Efavirenz 600mg, tablets, 30 Tabs",Generic,30,16033,260536.25,16.25,0.54,"Aurobindo Unit III, India",536,3807.29,
12630,Mozambique,PMO - US,From RDC,N/A - From RDC,Air,4-May-07,4-May-07,ARV,Pediatric,SCMS from RDC,SKU0062,"Efavirenz 50mg [Stocrin/Sustiva], capsule, 30 Caps",Stocrin/Sustiva,30,3756,12845.52,3.42,0.11,"MSD Manati, Puerto Rico, (USA)",Weight Captured Separately,679.6,
12631,Zambia,PMO - US,From RDC,N/A - From RDC,,4-May-07,4-May-07,HRDT,HIV test,SCMS from RDC,SKU0002,"HIV 1/2, Determine Complete HIV Kit, 100 Tests",Determine,100,600,48000,80,0.8,ABBVIE GmbH & Co.KG Wiesbaden,See DN-89 (ID#:10813),See DN-89 (ID#:10813),
12632,Zambia,PMO - US,From RDC,N/A - From RDC,,27-Apr-07,27-Apr-07,ARV,Adult,SCMS from RDC,SKU0007,"Nevirapine 200mg, tablets, 60 Tabs",Generic,60,43470,155187.9,3.57,0.06,"Ranbaxy, Paonta Shahib, India",4398,18137.64,
12633,Zambia,PMO - US,From RDC,N/A - From RDC,,26-Apr-07,26-Apr-07,ARV,Pediatric,SCMS from RDC,SKU0062,"Efavirenz 50mg [Stocrin/Sustiva], capsule, 30 Caps",Stocrin/Sustiva,30,1030,3574.1,3.47,0.12,"MSD Manati, Puerto Rico, (USA)",48,574.56,
12635,Zambia,PMO - US,From RDC,N/A - From RDC,,16-May-07,16-May-07,ARV,Adult,SCMS from RDC,SKU0021,"Tenofovir Disoproxil Fumarate 300mg [Viread], tablets, 30 Tabs",Viread,30,4165,70805,17,0.57,Gilead(Nycomed) Oranienburg DE,265,1483.3,
12637,Rwanda,PMO - US,From RDC,N/A - From RDC,Air,19-Apr-07,19-Apr-07,ARV,Adult,SCMS from RDC,SKU0011,"Lamivudine/Zidovudine 150/300mg, tablets, 60 Tabs",Generic,60,38463,383860.74,9.98,0.17,"Cipla, Goa, India",3450,20896.5,
12638,Zambia,PMO - US,From RDC,N/A - From RDC,,15-May-07,15-May-07,ARV,Adult,SCMS from RDC,SKU0080,"Nelfinavir (as mesilate) 250mg [Viracept], tablets, 270 Tabs",Viracept,270,864,70346.88,81.42,0.3,Roche Madrid,See DN-129 (ID#:10818),See DN-129 (ID#:10818),
12639,Nigeria,PMO - US,From RDC,N/A - From RDC,,24-May-07,24-May-07,HRDT,HIV test,SCMS from RDC,SKU0016,"HIV 1/2, Stat-Pak HIV, Kit, 20 Tests",Stat-Pak,20,6000,162000,27,1.35,Chembio Diagnostics Sys. Inc.,1833,9666,
12641,Zambia,PMO - US,From RDC,N/A - From RDC,,26-Mar-07,26-Mar-07,ARV,Adult,SCMS from RDC,SKU0003,"Lamivudine 150mg, tablets, 60 Tabs",Generic,60,3334,11035.54,3.31,0.06,"Ranbaxy, Paonta Shahib, India",179,1170.16,
12644,Tanzania,PMO - US,From RDC,N/A - From RDC,Air,13-Apr-07,13-Apr-07,HRDT,HIV test,SCMS from RDC,SKU0009,"HIV 1/2, Uni-Gold HIV Kit, 20 Tests",Uni-Gold,20,100,3200,32,1.6,"Trinity Biotech, Plc",66,1004.6,
12646,Mozambique,PMO - US,From RDC,N/A - From RDC,Air,4-May-07,4-May-07,ARV,Adult,SCMS from RDC,SKU0080,"Nelfinavir (as mesilate) 250mg [Viracept], tablets, 270 Tabs",Viracept,270,2579,205288.4,79.6,0.29,Roche Madrid,663,1824.11,
12648,Côte d'Ivoire,PMO - US,From RDC,N/A - From RDC,,30-Apr-07,30-Apr-07,ARV,Adult,SCMS from RDC,SKU0026,"Efavirenz 600mg, tablets, 30 Tabs",Generic,30,8148,132405,16.25,0.54,"Aurobindo Unit III, India",743,2660,
12649,Côte d'Ivoire,PMO - US,From RDC,N/A - From RDC,,30-Apr-07,30-Apr-07,ARV,Adult,SCMS from RDC,SKU0044,"Lamivudine/Nevirapine/Stavudine 150/200/30mg, tablets, 60 Tabs",Generic,60,9000,67500,7.5,0.12,"Cipla, Goa, India",974,3166,
12654,Tanzania,PMO - US,From RDC,N/A - From RDC,Air,6-Jul-07,6-Jul-07,HRDT,HIV test,SCMS from RDC,SKU0019,"HIV 1/2, Bioline 3.0 Kit, Lancets, Capillary pipets, Alcohol swabs included, 25 Tests",Bioline,25,1539,30780,20,0.8,"Standard Diagnostics, Korea",See DN-144 (ID#:12058),See DN-144 (ID#:12058),
12656,Côte d'Ivoire,PMO - US,From RDC,N/A - From RDC,,15-Jun-07,15-Jun-07,ARV,Adult,SCMS from RDC,SKU0080,"Nelfinavir (as mesilate) 250mg [Viracept], tablets, 270 Tabs",Viracept,270,460,37453.2,81.42,0.3,Roche Madrid,See DN-160 (ID#:11397),See DN-160 (ID#:11397),
12658,Mozambique,PMO - US,From RDC,N/A - From RDC,Air,20-Jun-07,20-Jun-07,ARV,Adult,SCMS from RDC,SKU0044,"Lamivudine/Nevirapine/Stavudine 150/200/30mg, tablets, 60 Tabs",Generic,60,62000,458800,7.4,0.12,"Cipla, Goa, India",5778,20299,734.08
12659,Côte d'Ivoire,PMO - US,From RDC,N/A - From RDC,,18-May-07,18-May-07,HRDT,HIV test,SCMS from RDC,SKU0025,"#108853** HIV, Genie II HIV-1/HIV-2 Kit, 40 Tests",Genie,40,160,12160,76,1.9,Bio-Rad Laboratories,173,1754,
12661,Côte d'Ivoire,PMO - US,From RDC,N/A - From RDC,,21-Jun-07,21-Jun-07,ARV,Adult,SCMS from RDC,SKU0011,"Lamivudine/Zidovudine 150/300mg, tablets, 60 Tabs",Generic,60,35074,374590.32,10.68,0.18,"Aurobindo Unit III, India",3116,1478,
12662,Côte d'Ivoire,PMO - US,From RDC,N/A - From RDC,,8-Jun-07,8-Jun-07,ARV,Adult,SCMS from RDC,SKU0021,"Tenofovir Disoproxil Fumarate 300mg [Viread], tablets, 30 Tabs",Viread,30,621,10557,17,0.57,Gilead(Nycomed) Oranienburg DE,40,1388,
12663,Tanzania,PMO - US,From RDC,N/A - From RDC,Air,13-Jul-07,13-Jul-07,HRDT,HIV test,SCMS from RDC,SKU0024,"HIV 1/2, Capillus HIV Kit, 100 Tests",Capillus,100,2000,278000,139,1.39,"Trinity Biotech, Plc",1415,4458,444.8
12664,Tanzania,PMO - US,From RDC,N/A - From RDC,Air,13-Aug-07,13-Aug-07,ARV,Adult,SCMS from RDC,SKU0026,"Efavirenz 600mg, tablets, 30 Tabs",Generic,30,3149,51202.74,16.26,0.54,"Aurobindo Unit III, India",See DN-246 (ID#:11138),See DN-246 (ID#:11138),81.92
12665,Rwanda,PMO - US,From RDC,N/A - From RDC,Air,26-Jul-07,26-Jul-07,ARV,Pediatric,SCMS from RDC,SKU0042,"Lopinavir/Ritonavir 80/20mg/ml [Kaletra], oral solution, cool, Bottle 5 x 60 ml",Kaletra,300,50,2055,41.1,0.14,ABBVIE (Abbott) Logis. UK,50,661.06,3.29
12666,Côte d'Ivoire,PMO - US,From RDC,N/A - From RDC,,3-Aug-07,3-Aug-07,ARV,Adult,SCMS from RDC,SKU0008,"Lopinavir/Ritonavir 200/50mg [Aluvia], tablets, 120 Tabs",Aluvia,120,3090,127122.6,41.14,0.34,ABBVIE Ludwigshafen Germany,650,2457,203.4
12667,Côte d'Ivoire,PMO - US,From RDC,N/A - From RDC,,14-Aug-07,14-Aug-07,ARV,Pediatric,SCMS from RDC,SKU0005,"Zidovudine 10mg/ml, oral solution, Bottle, 240 ml",Generic,240,5076,20050.2,3.95,0.02,"Aurobindo Unit III, India",See DN-268 (ID#:12074),See DN-268 (ID#:12074),32.08
12669,Côte d'Ivoire,PMO - US,From RDC,N/A - From RDC,,10-Jul-07,10-Jul-07,HRDT,HIV test - Ancillary,SCMS from RDC,SKU0109,"HIV, Pepti-LAV 1|2 (HIV-1|2 Ab differenciation, Immuno-Blot)",Pepti-LAV,1,2,477.3,238.65,238.65,Bio-Rad Laboratories,6,1356,0.76
12670,Côte d'Ivoire,PMO - US,From RDC,N/A - From RDC,Air,21-Aug-07,21-Aug-07,ARV,Adult,SCMS from RDC,SKU0058,"Abacavir 300mg, tablets, 60 Tabs",Generic,60,3200,114560,35.8,0.6,"Aurobindo Unit III, India",See DN-242 (ID#:12077),See DN-242 (ID#:12077),183.3
12671,Côte d'Ivoire,PMO - US,From RDC,N/A - From RDC,,3-Aug-07,3-Aug-07,ARV,Adult,SCMS from RDC,SKU0003,"Lamivudine 150mg, tablets, 60 Tabs",Generic,60,22047,67022.88,3.04,0.05,"Ranbaxy, Paonta Shahib, India",1057,3348,107.24
12672,Rwanda,PMO - US,From RDC,N/A - From RDC,Air,2-Aug-07,2-Aug-07,HRDT,HIV test,SCMS from RDC,SKU0013,"HIV 1/2/O, First Response HIV 1-2.0, v.3.0 Cards Kit, 30 Tests",First Response,30,2034,33561,16.5,0.55,Premier Med. Corp Ltd. India,768,4465.1,53.7
12673,Mozambique,PMO - US,From RDC,N/A - From RDC,Air,10-Oct-07,10-Oct-07,ARV,Pediatric,SCMS from RDC,SKU0071,"Abacavir 20mg/ml, oral solution, Bottle, 240 ml",Generic,240,1020,21930,21.5,0.09,"Aurobindo Unit III, India",See DN-282 (ID#:11144),See DN-282 (ID#:11144),35.09
12675,Côte d'Ivoire,PMO - US,From RDC,N/A - From RDC,,18-Jul-07,18-Jul-07,ARV,Adult,SCMS from RDC,SKU0027,"Saquinavir 200mg [Invirase], capsules, 270 Caps",Invirase,270,36,2831.04,78.64,0.29,Roche Basel,See DN-220 (ID#:10585),See DN-220 (ID#:10585),4.53
12676,Côte d'Ivoire,PMO - US,From RDC,N/A - From RDC,,18-Jul-07,18-Jul-07,HRDT,HIV test,SCMS from RDC,SKU0086,"HIV 1/2, Bioline 3.0 Kit, (no accessories), 30 Tests",Bioline,30,167,3340,20,0.67,"Standard Diagnostics, Korea",67,1439,5.34
12680,Namibia,PMO - US,From RDC,N/A - From RDC,,7-Sep-07,7-Sep-07,HRDT,HIV test,SCMS from RDC,SKU0002,"HIV 1/2, Determine Complete HIV Kit, 100 Tests",Determine,100,300,24000,80,0.8,ABBVIE GmbH & Co.KG Wiesbaden,See DN-322 (ID#:10587),See DN-322 (ID#:10587),38.4
12682,Tanzania,PMO - US,From RDC,N/A - From RDC,,10-Sep-07,10-Sep-07,ARV,Adult,SCMS from RDC,SKU0026,"Efavirenz 600mg, tablets, 30 Tabs",Generic,30,8000,130080,16.26,0.54,"Aurobindo Unit III, India",See DN-290 (ID#:10859),See DN-290 (ID#:10859),208.13
12683,Tanzania,PMO - US,From RDC,N/A - From RDC,,10-Sep-07,10-Sep-07,ARV,Adult,SCMS from RDC,SKU0008,"Lopinavir/Ritonavir 200/50mg [Aluvia], tablets, 120 Tabs",Aluvia,120,4155,170770.5,41.1,0.34,ABBVIE Ludwigshafen Germany,See DN-290 (ID#:10859),See DN-290 (ID#:10859),273.23
12684,Tanzania,PMO - US,From RDC,N/A - From RDC,,10-Sep-07,10-Sep-07,ARV,Pediatric,SCMS from RDC,SKU0042,"Lopinavir/Ritonavir 80/20mg/ml [Kaletra], oral solution, cool, Bottle 5 x 60 ml",Kaletra,300,147,6041.7,41.1,0.14,ABBVIE (Abbott) Logis. UK,See DN-290 (ID#:10859),See DN-290 (ID#:10859),9.67
12685,Mozambique,PMO - US,From RDC,N/A - From RDC,Air,21-Sep-07,21-Sep-07,ARV,Adult,SCMS from RDC,SKU0026,"Efavirenz 600mg, tablets, 30 Tabs",Generic,30,2933,49127.75,16.75,0.56,"Aurobindo Unit III, India",See DN-304 (ID#:10589),See DN-304 (ID#:10589),78.6
12686,Mozambique,PMO - US,From RDC,N/A - From RDC,Air,21-Sep-07,21-Sep-07,ARV,Pediatric,SCMS from RDC,SKU0071,"Abacavir 20mg/ml, oral solution, Bottle, 240 ml",Generic,240,59,1241.95,21.05,0.09,"Aurobindo Unit III, India",See DN-304 (ID#:10589),See DN-304 (ID#:10589),1.99
12688,Côte d'Ivoire,PMO - US,From RDC,N/A - From RDC,,30-Aug-07,30-Aug-07,ARV,Adult,SCMS from RDC,SKU0058,"Abacavir 300mg, tablets, 60 Tabs",Generic,60,6000,165180,27.53,0.46,"Cipla, Patalganga, India",See DN-320 (ID#:10593),See DN-320 (ID#:10593),264.29
12690,Zimbabwe,PMO - US,From RDC,N/A - From RDC,Truck,18-Sep-07,18-Sep-07,ARV,Adult,SCMS from RDC,SKU0011,"Lamivudine/Zidovudine 150/300mg, tablets, 60 Tabs",Generic,60,1560,14820,9.5,0.16,"Aurobindo Unit III, India",90,1106,23.71
12691,Zimbabwe,PMO - US,From RDC,N/A - From RDC,Truck,18-Sep-07,18-Sep-07,ARV,Adult,SCMS from RDC,SKU0098,"Lamivudine/Stavudine 150/30mg, tablets, 30 Tabs",Generic,30,1600,3200,2,0.07,"Cipla, Goa, India",See DN-354 (ID#:10597),See DN-354 (ID#:10597),5.12
12694,Uganda,PMO - US,From RDC,N/A - From RDC,,16-Oct-07,16-Oct-07,ARV,Adult,SCMS from RDC,SKU0011,"Lamivudine/Zidovudine 150/300mg, tablets, 60 Tabs",Generic,60,1350,12825,9.5,0.16,"Aurobindo Unit III, India",80,739,20.52
12710,Côte d'Ivoire,PMO - US,From RDC,N/A - From RDC,,14-Sep-07,14-Sep-07,ARV,Pediatric,SCMS from RDC,SKU0071,"Abacavir 20mg/ml, oral solution, Bottle, 240 ml",Generic,240,1500,24750,16.5,0.07,"Aurobindo Unit III, India",See DN-323 (ID#:10588),See DN-323 (ID#:10588),39.6
12711,Ethiopia,PMO - US,From RDC,N/A - From RDC,,4-Sep-07,4-Sep-07,ARV,Pediatric,SCMS from RDC,SKU0001,"Nevirapine 10mg/ml, oral suspension, Bottle, 240 ml",Generic,240,10336,64083.2,6.2,0.03,"Aurobindo Unit III, India",See DN-332 (ID#:10613),See DN-332 (ID#:10613),102.53
12712,Ethiopia,PMO - US,From RDC,N/A - From RDC,,4-Sep-07,4-Sep-07,ARV,Pediatric,SCMS from RDC,SKU0001,"Nevirapine 10mg/ml, oral suspension, Bottle, 240 ml",Generic,240,12512,77574.4,6.2,0.03,"Aurobindo Unit III, India",See DN-332 (ID#:10613),See DN-332 (ID#:10613),124.12
12714,Zambia,PMO - US,From RDC,N/A - From RDC,,31-Aug-07,31-Aug-07,ARV,Adult,SCMS from RDC,SKU0008,"Lopinavir/Ritonavir 200/50mg [Aluvia], tablets, 120 Tabs",Aluvia,120,4078,167605.8,41.1,0.34,ABBVIE Ludwigshafen Germany,885,4119.6,268.17
12715,Côte d'Ivoire,PMO - US,From RDC,N/A - From RDC,,12-Sep-07,12-Sep-07,ARV,Adult,SCMS from RDC,SKU0027,"Saquinavir 200mg [Invirase], capsules, 270 Caps",Invirase,270,7,550.48,78.64,0.29,Roche Basel,See DN-349 (ID#:10885),See DN-349 (ID#:10885),0.88
12716,Zambia,PMO - US,From RDC,N/A - From RDC,,12-Nov-07,12-Nov-07,ARV,Pediatric,SCMS from RDC,SKU0001,"Nevirapine 10mg/ml, oral suspension, Bottle, 240 ml",Generic,240,10996,68175.2,6.2,0.03,"Aurobindo Unit III, India",3967,13094.92,109.08
12718,Haiti,PMO - US,From RDC,N/A - From RDC,,6-Oct-07,6-Oct-07,HRDT,HIV test,SCMS from RDC,SKU0002,"HIV 1/2, Determine Complete HIV Kit, 100 Tests",Determine,100,600,43200,72,0.72,ABBVIE GmbH & Co.KG Wiesbaden,137,1732.74,69.12
12723,Zambia,PMO - US,From RDC,N/A - From RDC,,17-Oct-07,17-Oct-07,HRDT,HIV test - Ancillary,SCMS from RDC,SKU0022,"HIV, Lancet, Safety, for HIV Test kits, 100 Pcs",Generic,100,872,8.72,0.01,0,Inverness Japan,See DN-380 (ID#:10622),See DN-380 (ID#:10622),0.01
12724,Nigeria,PMO - US,From RDC,N/A - From RDC,Air,20-Sep-07,20-Sep-07,ARV,Pediatric,SCMS from RDC,SKU0001,"Nevirapine 10mg/ml, oral suspension, Bottle, 240 ml",Generic,240,1622,10056.4,6.2,0.03,"Aurobindo Unit III, India",See DN-373 (ID#:10623),See DN-373 (ID#:10623),16.09
12729,Mozambique,PMO - US,From RDC,N/A - From RDC,Air,29-Nov-07,29-Nov-07,ARV,Adult,SCMS from RDC,SKU0026,"Efavirenz 600mg, tablets, 30 Tabs",Generic,30,37300,463266,12.42,0.41,"Cipla, Goa, India",See DN-426 (ID#:10633),See DN-426 (ID#:10633),741.23
12734,Côte d'Ivoire,PMO - US,From RDC,N/A - From RDC,Air,13-Nov-07,13-Nov-07,ARV,Adult,SCMS from RDC,SKU0014,"Zidovudine 300mg, tablets, 60 Tabs",Generic,60,6,48.9,8.15,0.14,"Aurobindo Unit III, India",See DN-423 (ID#:11194),See DN-423 (ID#:11194),0.08
12735,Zimbabwe,PMO - US,From RDC,N/A - From RDC,Air,16-Nov-07,16-Nov-07,ARV,Adult,SCMS from RDC,SKU0044,"Lamivudine/Nevirapine/Stavudine 150/200/30mg, tablets, 60 Tabs",Generic,60,22,162.8,7.4,0.12,"Cipla, Goa, India",See DN-425 (ID#:11810),See DN-425 (ID#:11810),0.26
12736,Côte d'Ivoire,PMO - US,From RDC,N/A - From RDC,Air,19-Feb-08,19-Feb-08,ARV,Adult,SCMS from RDC,SKU0098,"Lamivudine/Stavudine 150/30mg, tablets, 30 Tabs",Generic,30,44000,88000,2,0.07,"Cipla, Goa, India",See DN-609 (ID#:11480),See DN-609 (ID#:11480),140.8
12737,Côte d'Ivoire,PMO - US,From RDC,N/A - From RDC,Air,6-Mar-08,19-Feb-08,ARV,Adult,SCMS from RDC,SKU0044,"Lamivudine/Nevirapine/Stavudine 150/200/30mg, tablets, 60 Tabs",Generic,60,44400,328560,7.4,0.12,"Cipla, Goa, India",See DN-611 (ID#:12472),See DN-611 (ID#:12472),525.7
12738,Guyana,PMO - US,From RDC,N/A - From RDC,Air,7-Nov-07,7-Nov-07,ARV,Adult,SCMS from RDC,SKU0008,"Lopinavir/Ritonavir 200/50mg [Aluvia], tablets, 120 Tabs",Aluvia,120,986,81049.2,82.2,0.68,ABBVIE Ludwigshafen Germany,See DN-416 (ID#:12125),See DN-416 (ID#:12125),129.68
12739,Côte d'Ivoire,PMO - US,From RDC,N/A - From RDC,Air,22-Nov-07,22-Nov-07,ARV,Pediatric,SCMS from RDC,SKU0071,"Abacavir 20mg/ml, oral solution, Bottle, 240 ml",Generic,240,96,2400,25,0.1,"Aurobindo Unit III, India",See DN-434 (ID#:11483),See DN-434 (ID#:11483),3.84
12740,Zambia,PMO - US,From RDC,N/A - From RDC,,21-Nov-07,21-Nov-07,ARV,Adult,SCMS from RDC,SKU0044,"Lamivudine/Nevirapine/Stavudine 150/200/30mg, tablets, 60 Tabs",Generic,60,18974,140407.6,7.4,0.12,"Cipla, Goa, India",1928,7194.3,224.65
12741,Haiti,PMO - US,From RDC,N/A - From RDC,Air,5-Dec-07,5-Dec-07,ARV,Pediatric,SCMS from RDC,SKU0066,"Efavirenz 200mg, capsule, 90 Caps",Generic,90,500,8000,16,0.18,"Aurobindo Unit III, India",See DN-458 (ID#:11814),See DN-458 (ID#:11814),12.8
12742,Haiti,PMO - US,From RDC,N/A - From RDC,Air,5-Dec-07,5-Dec-07,ARV,Pediatric,SCMS from RDC,SKU0065,"Zidovudine 100mg, capsules, 100 Caps",Generic,100,480,2635.2,5.49,0.05,"Aurobindo Unit III, India",See DN-458 (ID#:11814),See DN-458 (ID#:11814),4.22
12748,Côte d'Ivoire,PMO - US,From RDC,N/A - From RDC,Air,30-Nov-07,30-Nov-07,ARV,Adult,SCMS from RDC,SKU0078,"Abacavir/Lamivudine/Zidovudine 300/150/300mg [Trizivir], tablets, 60 Tabs",Trizivir,60,488,34160,70,1.17,GSK Ware (UK),See DN-446 (ID#:11204),See DN-446 (ID#:11204),54.66
12749,Côte d'Ivoire,PMO - US,From RDC,N/A - From RDC,Air,18-Dec-07,18-Dec-07,ARV,Adult,SCMS from RDC,SKU0008,"Lopinavir/Ritonavir 200/50mg [Aluvia], tablets, 120 Tabs",Aluvia,120,403,16563.3,41.1,0.34,ABBVIE Ludwigshafen Germany,88,1603.44,26.5
12751,Nigeria,PMO - US,From RDC,N/A - From RDC,Air,3-Dec-07,3-Dec-07,ARV,Adult,SCMS from RDC,SKU0003,"Lamivudine 150mg, tablets, 60 Tabs",Generic,60,645,2134.95,3.31,0.06,"Aurobindo Unit III, India",See DN-475 (ID#:10642),See DN-475 (ID#:10642),3.42
12752,Nigeria,PMO - US,From RDC,N/A - From RDC,Air,3-Dec-07,3-Dec-07,ARV,Adult,SCMS from RDC,SKU0044,"Lamivudine/Nevirapine/Stavudine 150/200/30mg, tablets, 60 Tabs",Generic,60,1542,11565,7.5,0.12,"Cipla, Goa, India",See DN-475 (ID#:10642),See DN-475 (ID#:10642),18.5
12753,Mozambique,PMO - US,From RDC,N/A - From RDC,Air,8-Feb-08,8-Feb-08,ARV,Adult,SCMS from RDC,SKU0056,"Ritonavir 100mg [Norvir], capsules, cool, 84 Caps",Norvir,84,210,8055.6,38.36,0.46,ABBVIE (Abbott) Logis. UK,63,740.16,12.89
12754,Côte d'Ivoire,PMO - US,From RDC,N/A - From RDC,Air,14-Dec-07,14-Dec-07,ARV,Adult,SCMS from RDC,SKU0044,"Lamivudine/Nevirapine/Stavudine 150/200/30mg, tablets, 60 Tabs",Generic,60,40000,296000,7.4,0.12,"Cipla, Goa, India",4026,13325,473.6
12755,Nigeria,PMO - US,From RDC,N/A - From RDC,Air,9-Jan-08,9-Jan-08,HRDT,HIV test,SCMS from RDC,SKU0025,"#108853** HIV, Genie II HIV-1/HIV-2 Kit, 40 Tests",Genie,40,375,28500,76,1.9,Bio-Rad Laboratories,411,3147,45.6
12756,Nigeria,PMO - US,From RDC,N/A - From RDC,Air,9-Jan-08,9-Jan-08,ARV,Adult,SCMS from RDC,SKU0014,"Zidovudine 300mg, tablets, 60 Tabs",Generic,60,125,1018.75,8.15,0.14,"Aurobindo Unit III, India",See DN-535 (ID#:10658),See DN-535 (ID#:10658),1.63
12759,Ethiopia,PMO - US,From RDC,N/A - From RDC,Air,20-Dec-07,20-Dec-07,ARV,Adult,SCMS from RDC,SKU0011,"Lamivudine/Zidovudine 150/300mg, tablets, 60 Tabs",Generic,60,9691,92064.5,9.5,0.16,"Aurobindo Unit III, India",899,6483,147.3
12760,Mozambique,PMO - US,From RDC,N/A - From RDC,Air,8-Apr-08,5-Apr-08,ARV,Adult,SCMS from RDC,SKU0078,"Abacavir/Lamivudine/Zidovudine 300/150/300mg [Trizivir], tablets, 60 Tabs",Trizivir,60,2067,144690,70,1.17,GSK Ware (UK),See DN-601 (ID#:10651),See DN-601 (ID#:10651),231.5
12761,Uganda,PMO - US,From RDC,N/A - From RDC,,11-Mar-08,11-Mar-08,ARV,Adult,SCMS from RDC,SKU0044,"Lamivudine/Nevirapine/Stavudine 150/200/30mg, tablets, 60 Tabs",Generic,60,1860,13764,7.4,0.12,"Cipla, Goa, India",192,1617.52,22.02
12762,Zimbabwe,PMO - US,From RDC,N/A - From RDC,Air,14-Jan-08,14-Jan-08,ARV,Adult,SCMS from RDC,SKU0098,"Lamivudine/Stavudine 150/30mg, tablets, 30 Tabs",Generic,30,1600,3200,2,0.07,"Cipla, Goa, India",See DN-488 (ID#:10652),See DN-488 (ID#:10652),5.12
12763,Haiti,PMO - US,From RDC,N/A - From RDC,Air,8-Mar-08,8-Mar-08,ARV,Adult,SCMS from RDC,SKU0014,"Zidovudine 300mg, tablets, 60 Tabs",Generic,60,3000,24450,8.15,0.14,"Aurobindo Unit III, India",See DN-627 (ID#:10926),See DN-627 (ID#:10926),39.12
12764,Mozambique,PMO - US,From RDC,N/A - From RDC,Air,8-Apr-08,5-Apr-08,ARV,Adult,SCMS from RDC,SKU0026,"Efavirenz 600mg, tablets, 30 Tabs",Generic,30,12663,157274.46,12.42,0.41,"Aurobindo Unit III, India",See DN-628 (ID#:10654),See DN-628 (ID#:10654),251.64
12766,Haiti,PMO - US,From RDC,N/A - From RDC,Air,4-Mar-08,21-Feb-08,ARV,Adult,SCMS from RDC,SKU0003,"Lamivudine 150mg, tablets, 60 Tabs",Generic,60,32129,97672.16,3.04,0.05,"Ranbaxy, Paonta Shahib, India",See DN-614 (ID#:11219),See DN-614 (ID#:11219),156.28
12770,Ethiopia,PMO - US,From RDC,N/A - From RDC,Air,20-Dec-07,9-Jan-08,ARV,Adult,SCMS from RDC,SKU0003,"Lamivudine 150mg, tablets, 60 Tabs",Generic,60,29500,89680,3.04,0.05,"Ranbaxy, Paonta Shahib, India",1640,11273,143.49
12771,Uganda,PMO - US,From RDC,N/A - From RDC,Air,15-Feb-08,15-Feb-08,ARV,Adult,SCMS from RDC,SKU0044,"Lamivudine/Nevirapine/Stavudine 150/200/30mg, tablets, 60 Tabs",Generic,60,6500,48100,7.4,0.12,"Cipla, Goa, India",667,3609.2,76.96
12772,Côte d'Ivoire,PMO - US,From RDC,N/A - From RDC,Air,5-Feb-08,5-Feb-08,ARV,Adult,SCMS from RDC,SKU0058,"Abacavir 300mg, tablets, 60 Tabs",Generic,60,5836,160665.08,27.53,0.46,"Aurobindo Unit III, India",See DN-581 (ID#:10667),See DN-581 (ID#:10667),257.06
12773,Côte d'Ivoire,PMO - US,From RDC,N/A - From RDC,Air,1-Feb-08,1-Feb-08,ARV,Pediatric,SCMS from RDC,SKU0076,"Stavudine 1mg/ml, powder for oral solution, 200 ml",Generic,200,2326,3535.52,1.52,0.01,"Aurobindo Unit III, India",232,1704.79,5.66
12774,Uganda,PMO - US,From RDC,N/A - From RDC,,28-Feb-08,28-Feb-08,ARV,Adult,SCMS from RDC,SKU0007,"Nevirapine 200mg, tablets, 60 Tabs",Generic,60,328,1115.2,3.4,0.06,"Ranbaxy, Paonta Shahib, India",See DN-589 (ID#:10670),See DN-589 (ID#:10670),1.78
12776,Zimbabwe,PMO - US,From RDC,N/A - From RDC,Air,21-Apr-08,21-Apr-08,ARV,Adult,SCMS from RDC,SKU0026,"Efavirenz 600mg, tablets, 30 Tabs",Generic,30,1860,23101.2,12.42,0.41,Mylan (formerly Matrix) Nashik,See DN-709 (ID#:10945),See DN-709 (ID#:10945),36.96
12777,Haiti,PMO - US,From RDC,N/A - From RDC,Air,4-Jul-08,4-Jul-08,ARV,Adult,SCMS from RDC,SKU0011,"Lamivudine/Zidovudine 150/300mg, tablets, 60 Tabs",Generic,60,14995,141702.75,9.45,0.16,"Cipla, Goa, India",1586,17289,226.72
12778,Nigeria,PMO - US,From RDC,N/A - From RDC,Air,18-Apr-08,18-Apr-08,ARV,Adult,SCMS from RDC,SKU0053,"Emtricitabine/Tenofovir Disoproxil Fumarate 200/300mg [Truvada], tablets, 30 Tabs",Truvada,30,16,420,26.25,0.88,"Aspen-OSD, Port Elizabeth, SA",See DN-717 (ID#:11858),See DN-717 (ID#:11858),0.67
12779,Côte d'Ivoire,PMO - US,From RDC,N/A - From RDC,Air,14-May-08,14-May-08,ARV,Adult,SCMS from RDC,SKU0044,"Lamivudine/Nevirapine/Stavudine 150/200/30mg, tablets, 60 Tabs",Generic,60,3847,28467.8,7.4,0.12,"Cipla, Goa, India",408,1514.68,45.55
12800,Mozambique,PMO - US,From RDC,N/A - From RDC,Air,23-Jun-08,23-Jun-08,ARV,Adult,SCMS from RDC,SKU0026,"Efavirenz 600mg, tablets, 30 Tabs",Generic,30,2500,31050,12.42,0.41,"Aurobindo Unit III, India",See DN-698 (ID#:10970),See DN-698 (ID#:10970),49.68
12780,Nigeria,PMO - US,From RDC,N/A - From RDC,Air,14-May-08,14-May-08,ARV,Adult,SCMS from RDC,SKU0054,"Lamivudine/Nevirapine/Zidovudine 150/200/300mg, tablets, 60 Tabs",Generic,60,16610,220580.8,13.28,0.22,"Cipla, Goa, India",See DN-737 (ID#:11533),See DN-737 (ID#:11533),352.93
12781,Tanzania,PMO - US,From RDC,N/A - From RDC,Truck,30-Jun-08,30-Jun-08,ARV,Adult,SCMS from RDC,SKU0003,"Lamivudine 150mg, tablets, 60 Tabs",Generic,60,8805,25622.55,2.91,0.05,"Ranbaxy, Paonta Shahib, India",See DN-748 (ID#:12484),See DN-748 (ID#:12484),41
12782,Tanzania,PMO - US,From RDC,N/A - From RDC,Truck,30-Jun-08,30-Jun-08,ARV,Adult,SCMS from RDC,SKU0007,"Nevirapine 200mg, tablets, 60 Tabs",Generic,60,87768,298411.2,3.4,0.06,"Ranbaxy, Paonta Shahib, India",See DN-748 (ID#:12484),See DN-748 (ID#:12484),477.46
12783,Côte d'Ivoire,PMO - US,From RDC,N/A - From RDC,Air,2-Jun-08,2-Jun-08,ARV,Pediatric,SCMS from RDC,SKU0001,"Nevirapine 10mg/ml, oral suspension, Bottle, 240 ml",Generic,240,5536,10629.12,1.92,0.01,"Aurobindo Unit III, India",See DN-761 (ID#:10951),See DN-761 (ID#:10951),17.01
12784,Mozambique,PMO - US,From RDC,N/A - From RDC,Truck,18-Jul-08,18-Jul-08,ARV,Adult,SCMS from RDC,SKU0056,"Ritonavir 100mg [Norvir], capsules, cool, 84 Caps",Norvir,84,1358,13023.22,9.59,0.11,ABBVIE (Abbott) Logis. UK,387,2107.14,20.84
12785,Zambia,PMO - US,From RDC,N/A - From RDC,Truck,29-Jul-08,29-Jul-08,ARV,Adult,SCMS from RDC,SKU0011,"Lamivudine/Zidovudine 150/300mg, tablets, 60 Tabs",Generic,60,9474,89529.3,9.45,0.16,"Aurobindo Unit III, India",See DN-828 (ID#:10678),See DN-828 (ID#:10678),143.25
12786,Tanzania,PMO - US,From RDC,N/A - From RDC,Air,21-Aug-08,21-Aug-08,ARV,Adult,SCMS from RDC,SKU0044,"Lamivudine/Nevirapine/Stavudine 150/200/30mg, tablets, 60 Tabs",Generic,60,40000,296000,7.4,0.12,"Cipla, Goa, India",4289,24594.29,473.6
12788,Haiti,PMO - US,From RDC,N/A - From RDC,Air,2-Jun-08,2-Jun-08,ARV,Pediatric,SCMS from RDC,SKU0071,"Abacavir 20mg/ml, oral solution, Bottle, 240 ml",Generic,240,224,3696,16.5,0.07,"Aurobindo Unit III, India",See DN-744 (ID#:10684),See DN-744 (ID#:10684),5.91
12789,Ethiopia,PMO - US,From RDC,N/A - From RDC,,27-Mar-08,27-Mar-08,ARV,Adult,SCMS from RDC,SKU0004,"Stavudine 30mg, capsules, 60 Caps",Generic,60,78460,119259.2,1.52,0.03,"Aurobindo Unit III, India",5184,17910,190.81
12790,Haiti,PMO - US,From RDC,N/A - From RDC,Air,29-May-08,29-May-08,ARV,Adult,SCMS from RDC,SKU0058,"Abacavir 300mg, tablets, 60 Tabs",Generic,60,270,7433.1,27.53,0.46,Mylan (formerly Matrix) Nashik,862,9711.2,11.89
12791,Haiti,PMO - US,From RDC,N/A - From RDC,Air,29-May-08,29-May-08,ARV,Pediatric,SCMS from RDC,SKU0048,"Lamivudine 10mg/ml, oral solution, Bottle, 240 ml",Generic,240,2415,4757.55,1.97,0.01,"Aurobindo Unit III, India",See DN-736 (ID#:12790),See DN-736 (ID#:12790),7.61
12792,Zimbabwe,PMO - US,From RDC,N/A - From RDC,Air,9-Jun-08,9-Jun-08,ARV,Adult,SCMS from RDC,SKU0026,"Efavirenz 600mg, tablets, 30 Tabs",Generic,30,1860,23101.2,12.42,0.41,"Aurobindo Unit III, India",See DN-770 (ID#:10959),See DN-770 (ID#:10959),36.96
12793,Cameroon,PMO - US,From RDC,N/A - From RDC,Air,20-Aug-08,20-Aug-08,HRDT,HIV test,SCMS from RDC,SKU0009,"HIV 1/2, Uni-Gold HIV Kit, 20 Tests",Uni-Gold,20,2000,64000,32,1.6,"Trinity Biotech, Plc",643,7805.33,102.4
12794,Zimbabwe,PMO - US,From RDC,N/A - From RDC,Truck,26-Jul-08,26-Jul-08,HRDT,HIV test,SCMS from RDC,SKU0019,"HIV 1/2, Bioline 3.0 Kit, Lancets, Capillary pipets, Alcohol swabs included, 25 Tests",Bioline,25,4342,86840,20,0.8,"Standard Diagnostics, Korea",See DN-838 (ID#:10718),See DN-838 (ID#:10718),138.94
12795,Haiti,PMO - US,From RDC,N/A - From RDC,Air,3-Apr-08,3-Apr-08,HRDT,HIV test,SCMS from RDC,SKU0017,"HIV 1/2, Determine HIV Kit, without Lancets, 100 Tests",Determine,100,15,1080,72,0.72,Inverness Japan,See DN-686 (ID#:10691),See DN-686 (ID#:10691),1.73
12796,Zambia,PMO - US,From RDC,N/A - From RDC,Air,19-Jun-08,19-Jun-08,ARV,Adult,SCMS from RDC,SKU0098,"Lamivudine/Stavudine 150/30mg, tablets, 30 Tabs",Generic,30,81198,162396,2,0.07,"Cipla, Goa, India",4678,30610.2,259.83
12797,Haiti,PMO - US,From RDC,N/A - From RDC,Air,21-Mar-08,21-Mar-08,ARV,Pediatric,SCMS from RDC,SKU0071,"Abacavir 20mg/ml, oral solution, Bottle, 240 ml",Generic,240,128,2112,16.5,0.07,"Aurobindo Unit III, India",See DN-682 (ID#:10963),See DN-682 (ID#:10963),3.38
12798,Nigeria,PMO - US,From RDC,N/A - From RDC,Air,30-Jun-08,30-Jun-08,ARV,Adult,SCMS from RDC,SKU0021,"Tenofovir Disoproxil Fumarate 300mg [Viread], tablets, 30 Tabs",Viread,30,48,816,17,0.57,"Aspen-OSD, Port Elizabeth, SA",4,213.75,1.31
12801,Mozambique,PMO - US,From RDC,N/A - From RDC,Air,23-Jun-08,23-Jun-08,ARV,Adult,SCMS from RDC,SKU0011,"Lamivudine/Zidovudine 150/300mg, tablets, 60 Tabs",Generic,60,1728,16416,9.5,0.16,"Cipla, Goa, India",See DN-698 (ID#:10970),See DN-698 (ID#:10970),26.27
12803,Zimbabwe,PMO - US,From RDC,N/A - From RDC,Truck,7-Mar-08,7-Mar-08,ARV,Adult,SCMS from RDC,SKU0014,"Zidovudine 300mg, tablets, 60 Tabs",Generic,60,3180,25917,8.15,0.14,"Aurobindo Unit III, India",182,1593.48,41.47
12805,Kenya,PMO - US,From RDC,N/A - From RDC,Truck,31-Mar-08,31-Mar-08,HRDT,HIV test - Ancillary,SCMS from RDC,SKU0022,"HIV, Lancet, Safety, for HIV Test kits, 100 Pcs",Generic,100,2000,20,0.01,0,Inverness Japan,See DN-697 (ID#:12202),See DN-697 (ID#:12202),0.03
12806,Mozambique,PMO - US,From RDC,N/A - From RDC,Air,21-Apr-08,21-Apr-08,ARV,Adult,SCMS from RDC,SKU0007,"Nevirapine 200mg, tablets, 60 Tabs",Generic,60,3000,10200,3.4,0.06,Hetero Unit III Hyderabad IN,168,1074.95,16.32
12808,Uganda,PMO - US,From RDC,N/A - From RDC,Air,17-Apr-08,17-Apr-08,ARV,Pediatric,SCMS from RDC,SKU0001,"Nevirapine 10mg/ml, oral suspension, Bottle, 240 ml",Generic,240,127,243.84,1.92,0.01,"Aurobindo Unit III, India",46,740.34,0.39
12809,Ethiopia,PMO - US,From RDC,N/A - From RDC,Air,1-Feb-08,6-Mar-08,ARV,Adult,SCMS from RDC,SKU0003,"Lamivudine 150mg, tablets, 60 Tabs",Generic,60,30874,93856.96,3.04,0.05,"Ranbaxy, Paonta Shahib, India",1822,9742,150.17
12810,Zimbabwe,PMO - US,From RDC,N/A - From RDC,Air,17-Jun-08,17-Jun-08,HRDT,HIV test - Ancillary,SCMS from RDC,SKU0022,"HIV, Lancet, Safety, for HIV Test kits, 100 Pcs",Generic,100,550,5.5,0.01,0,Inverness Japan,See DN-773 (ID#:11267),See DN-773 (ID#:11267),0.01
12811,Zimbabwe,PMO - US,From RDC,N/A - From RDC,Truck,17-Jun-08,17-Jun-08,HRDT,HIV test,SCMS from RDC,SKU0017,"HIV 1/2, Determine HIV Kit, without Lancets, 100 Tests",Determine,100,1800,129582,71.99,0.72,Inverness Japan,See DN-774 (ID#:11268),See DN-774 (ID#:11268),207.33
12812,Uganda,PMO - US,From RDC,N/A - From RDC,Air,21-Aug-08,21-Aug-08,ARV,Adult,SCMS from RDC,SKU0054,"Lamivudine/Nevirapine/Zidovudine 150/200/300mg, tablets, 60 Tabs",Generic,60,1400,18900,13.5,0.22,"Aurobindo Unit III, India",156,1282.6,30.24
12813,Zambia,PMO - US,From RDC,N/A - From RDC,Truck,7-Nov-08,7-Nov-08,ARV,Adult,SCMS from RDC,SKU0026,"Efavirenz 600mg, tablets, 30 Tabs",Generic,30,35000,420350,12.01,0.4,Mylan (formerly Matrix) Nashik,2641,2938.92,823.89
12814,Zambia,PMO - US,From RDC,N/A - From RDC,Truck,7-Nov-08,7-Nov-08,ARV,Adult,SCMS from RDC,SKU0011,"Lamivudine/Zidovudine 150/300mg, tablets, 60 Tabs",Generic,60,50000,472500,9.45,0.16,"Aurobindo Unit III, India",4585,2938.92,926.1
12817,Côte d'Ivoire,PMO - US,From RDC,N/A - From RDC,Air,19-Jan-09,19-Jan-09,ARV,Adult,SCMS from RDC,SKU0007,"Nevirapine 200mg, tablets, 60 Tabs",Generic,60,4100,13120,3.2,0.05,"Aurobindo Unit III, India",See DN-1047 (ID#:12215),See DN-1047 (ID#:12215),25.72
12818,Kenya,PMO - US,From RDC,N/A - From RDC,Truck,16-Oct-08,16-Oct-08,HRDT,HIV test,SCMS from RDC,SKU0019,"HIV 1/2, Bioline 3.0 Kit, Lancets, Capillary pipets, Alcohol swabs included, 25 Tests",Bioline,25,19999,399980,20,0.8,"Standard Diagnostics, Korea",6074,1250,783.96
12819,Tanzania,PMO - US,From RDC,N/A - From RDC,Truck,22-Aug-08,22-Aug-08,ARV,Adult,SCMS from RDC,SKU0003,"Lamivudine 150mg, tablets, 60 Tabs",Generic,60,32544,94703.04,2.91,0.05,"Aurobindo Unit III, India",1608,1700.32,151.52
12820,Haiti,PMO - US,From RDC,N/A - From RDC,Air,11-Aug-08,11-Aug-08,ARV,Pediatric,SCMS from RDC,SKU0076,"Stavudine 1mg/ml, powder for oral solution, 200 ml",Generic,200,1500,2100,1.4,0.01,"Aurobindo Unit III, India",235,3022.74,3.36
12821,Haiti,PMO - US,From RDC,N/A - From RDC,Air,11-Aug-08,11-Aug-08,ARV,Pediatric,SCMS from RDC,SKU0049,"Efavirenz 50mg, capsule, 30 Caps",Generic,30,1500,3360,2.24,0.07,"Aurobindo Unit III, India",See DN-860 (ID#:12820),See DN-860 (ID#:12820),5.38
12822,Nigeria,PMO - US,From RDC,N/A - From RDC,Air,17-Nov-08,17-Nov-08,ARV,Adult,SCMS from RDC,SKU0052,"Ritonavir 100mg [Norvir], capsules, cool, 4 x 84 Caps",Norvir,336,2,76.72,38.36,0.11,ABBVIE (Abbott) France,See DN-1008 (ID#:11570),See DN-1008 (ID#:11570),0.15
12823,Nigeria,PMO - US,From RDC,N/A - From RDC,Air,20-Nov-08,20-Nov-08,ARV,Adult,SCMS from RDC,SKU0104,"Lamivudine/Stavudine 150/30mg, tablets, 60 Tabs",Generic,60,1152,4492.8,3.9,0.06,Mylan (formerly Matrix) Nashik,85,1266.05,8.81
12870,Kenya,PMO - US,From RDC,N/A - From RDC,Truck,20-Aug-08,20-Aug-08,HRDT,HIV test,SCMS from RDC,SKU0009,"HIV 1/2, Uni-Gold HIV Kit, 20 Tests",Uni-Gold,20,1067,34144,32,1.6,"Trinity Biotech, Plc",297,3616.67,54.63
12824,Nigeria,PMO - US,From RDC,N/A - From RDC,Air,31-Aug-08,31-Aug-08,ARV,Adult,SCMS from RDC,SKU0053,"Emtricitabine/Tenofovir Disoproxil Fumarate 200/300mg [Truvada], tablets, 30 Tabs",Truvada,30,4,105,26.25,0.88,"Aspen-OSD, Port Elizabeth, SA",See DN-888 (ID#:11910),See DN-888 (ID#:11910),0.17
12825,Nigeria,PMO - US,From RDC,N/A - From RDC,Air,16-Sep-08,16-Sep-08,ARV,Adult,SCMS from RDC,SKU0104,"Lamivudine/Stavudine 150/30mg, tablets, 60 Tabs",Generic,60,784,3057.6,3.9,0.06,Mylan (formerly Matrix) Nashik,58,1102.98,4.89
12826,Pakistan,PMO - US,From RDC,N/A - From RDC,Air,17-Nov-08,17-Nov-08,HRDT,HIV test - Ancillary,SCMS from RDC,SKU0022,"HIV, Lancet, Safety, for HIV Test kits, 100 Pcs",Generic,100,12,0.12,0.01,0,Inverness Japan,See DN-1004 (ID#:11280),See DN-1004 (ID#:11280),0
12827,Nigeria,PMO - US,From RDC,N/A - From RDC,Air,26-Sep-08,26-Sep-08,ARV,Adult,SCMS from RDC,SKU0008,"Lopinavir/Ritonavir 200/50mg [Aluvia], tablets, 120 Tabs",Aluvia,120,94,3863.4,41.1,0.34,ABBVIE Ludwigshafen Germany,27,1058,6.18
12828,Kenya,PMO - US,From RDC,N/A - From RDC,Truck,25-Sep-08,25-Sep-08,HRDT,HIV test,SCMS from RDC,SKU0019,"HIV 1/2, Bioline 3.0 Kit, Lancets, Capillary pipets, Alcohol swabs included, 25 Tests",Bioline,25,20000,400000,20,0.8,"Standard Diagnostics, Korea",6067,1250,640
12829,Zambia,PMO - US,From RDC,N/A - From RDC,Truck,23-Sep-08,23-Sep-08,ARV,Adult,SCMS from RDC,SKU0011,"Lamivudine/Zidovudine 150/300mg, tablets, 60 Tabs",Generic,60,50000,472500,9.45,0.16,"Aurobindo Unit III, India",See DN-912 (ID#:11577),See DN-912 (ID#:11577),756
12830,Kenya,PMO - US,From RDC,N/A - From RDC,Air,15-Jan-09,15-Jan-09,ARV,Adult,SCMS from RDC,SKU0026,"Efavirenz 600mg, tablets, 30 Tabs",Generic,30,3770,37.7,0.01,0,"Aurobindo Unit III, India",Weight Captured Separately,Invoiced Separately,0.07
12835,Tanzania,PMO - US,From RDC,N/A - From RDC,,15-Sep-08,15-Sep-08,ARV,Adult,SCMS from RDC,SKU0058,"Abacavir 300mg, tablets, 60 Tabs",Generic,60,5730,157746.9,27.53,0.46,"Aurobindo Unit III, India",See DN-893 (ID#:11596),See DN-893 (ID#:11596),252.4
12836,Mozambique,PMO - US,From RDC,N/A - From RDC,Air,21-Feb-09,21-Feb-09,ARV,Adult,SCMS from RDC,SKU0094,"Indinavir 400mg [Crixivan], capsules, 180 Caps",Crixivan,180,252,12600,50,0.28,"MSD, Haarlem, NL",See DN-1034 (ID#:10732),See DN-1034 (ID#:10732),24.7
12837,Zimbabwe,PMO - US,From RDC,N/A - From RDC,Truck,16-Feb-09,16-Feb-09,ARV,Adult,SCMS from RDC,SKU0026,"Efavirenz 600mg, tablets, 30 Tabs",Generic,30,4000,48040,12.01,0.4,"Aurobindo Unit III, India",See DN-1044 (ID#:10996),See DN-1044 (ID#:10996),94.16
12838,Mozambique,PMO - US,From RDC,N/A - From RDC,Air,5-Sep-08,5-Sep-08,ARV,Adult,SCMS from RDC,SKU0104,"Lamivudine/Stavudine 150/30mg, tablets, 60 Tabs",Generic,60,11980,46722,3.9,0.06,Mylan (formerly Matrix) Nashik,See DN-850 (ID#:10733),See DN-850 (ID#:10733),74.76
12839,Ethiopia,PMO - US,From RDC,N/A - From RDC,Truck,16-Sep-08,16-Sep-08,ARV,Adult,SCMS from RDC,SKU0052,"Ritonavir 100mg [Norvir], capsules, cool, 4 x 84 Caps",Norvir,336,14,537.04,38.36,0.11,ABBVIE (Abbott) Logis. UK,25,505,0.86
12840,Ethiopia,PMO - US,From RDC,N/A - From RDC,Truck,16-Sep-08,16-Sep-08,ARV,Adult,SCMS from RDC,SKU0094,"Indinavir 400mg [Crixivan], capsules, 180 Caps",Crixivan,180,50,2500,50,0.28,"MSD, Haarlem, NL",See DN-907 (ID#:12839),See DN-907 (ID#:12839),4
12841,Ethiopia,PMO - US,From RDC,N/A - From RDC,Air,19-Dec-08,19-Dec-08,ARV,Pediatric,SCMS from RDC,SKU0048,"Lamivudine 10mg/ml, oral solution, Bottle, 240 ml",Generic,240,2005,3809.5,1.9,0.01,"Aurobindo Unit III, India",692,4983.22,7.47
12842,Uganda,PMO - US,From RDC,N/A - From RDC,Air,19-Feb-09,19-Feb-09,ARV,Adult,SCMS from RDC,SKU0054,"Lamivudine/Nevirapine/Zidovudine 150/200/300mg, tablets, 60 Tabs",Generic,60,14600,172280,11.8,0.2,"Aurobindo Unit III, India",1657,9995.55,337.67
12843,Côte d'Ivoire,PMO - US,From RDC,N/A - From RDC,Air,27-Feb-09,27-Feb-09,ARV,Pediatric,SCMS from RDC,SKU0005,"Zidovudine 10mg/ml, oral solution, Bottle, 240 ml",Generic,240,2800,5880,2.1,0.01,"Aurobindo Unit III, India",See DN-1098 (ID#:12242),See DN-1098 (ID#:12242),11.52
12844,Zimbabwe,PMO - US,From RDC,N/A - From RDC,Truck,6-Apr-09,6-Apr-09,ARV,Adult,SCMS from RDC,SKU0026,"Efavirenz 600mg, tablets, 30 Tabs",Generic,30,4000,48040,12.01,0.4,"Aurobindo Unit III, India",See DN-1115 (ID#:11008),See DN-1115 (ID#:11008),94.16
12845,Pakistan,PMO - US,From RDC,N/A - From RDC,Air,1-Apr-09,1-Apr-09,HRDT,HIV test,SCMS from RDC,SKU0002,"HIV 1/2, Determine Complete HIV Kit, 100 Tests",Determine,100,28,2800,100,1,Inverness Japan,See DN-1147 (ID#:11610),See DN-1147 (ID#:11610),5.49
12846,Pakistan,PMO - US,From RDC,N/A - From RDC,Air,1-Apr-09,1-Apr-09,HRDT,HIV test,SCMS from RDC,SKU0019,"HIV 1/2, Bioline 3.0 Kit, Lancets, Capillary pipets, Alcohol swabs included, 25 Tests",Bioline,25,12,240,20,0.8,"Standard Diagnostics, Korea",See DN-1147 (ID#:11610),See DN-1147 (ID#:11610),0.47
12849,Zimbabwe,PMO - US,From RDC,N/A - From RDC,Truck,6-Apr-09,6-Apr-09,ARV,Adult,SCMS from RDC,SKU0098,"Lamivudine/Stavudine 150/30mg, tablets, 30 Tabs",Generic,30,8000,16000,2,0.07,"Cipla, Goa, India",See DN-1115 (ID#:11008),See DN-1115 (ID#:11008),31.36
12850,Côte d'Ivoire,PMO - US,From RDC,N/A - From RDC,Air,30-Apr-09,30-Apr-09,ARV,Adult,SCMS from RDC,SKU0007,"Nevirapine 200mg, tablets, 60 Tabs",Generic,60,9599,28797,3,0.05,"Aurobindo Unit III, India",See DN-1152 (ID#:11010),See DN-1152 (ID#:11010),56.44
12851,Côte d'Ivoire,PMO - US,From RDC,N/A - From RDC,Air,30-Apr-09,30-Apr-09,ARV,Adult,SCMS from RDC,SKU0029,"Tenofovir Disoproxil Fumarate 300mg, tablets, 30 Tabs",Generic,30,2200,29216,13.28,0.44,Mylan (formerly Matrix) Nashik,See DN-1152 (ID#:11010),See DN-1152 (ID#:11010),57.26
12852,Zambia,PMO - US,From RDC,N/A - From RDC,Air,23-Sep-08,23-Sep-08,ARV,Adult,SCMS from RDC,SKU0007,"Nevirapine 200mg, tablets, 60 Tabs",Generic,60,9408,31987.2,3.4,0.06,"Aurobindo Unit III, India",893,6269.7,51.18
12853,Nigeria,PMO - US,From RDC,N/A - From RDC,Air,24-Aug-08,24-Aug-08,ARV,Adult,SCMS from RDC,SKU0053,"Emtricitabine/Tenofovir Disoproxil Fumarate 200/300mg [Truvada], tablets, 30 Tabs",Truvada,30,12696,333270,26.25,0.88,"Aspen-OSD, Port Elizabeth, SA",1114,7641.1,533.23
12854,Zambia,PMO - US,From RDC,N/A - From RDC,Truck,20-Aug-08,20-Aug-08,ARV,Adult,SCMS from RDC,SKU0026,"Efavirenz 600mg, tablets, 30 Tabs",Generic,30,50000,600500,12.01,0.4,Mylan (formerly Matrix) Nashik,See DN-861 (ID#:11013),See DN-861 (ID#:11013),960.8
12857,Tanzania,PMO - US,From RDC,N/A - From RDC,Air,22-Aug-08,22-Aug-08,ARV,Adult,SCMS from RDC,SKU0011,"Lamivudine/Zidovudine 150/300mg, tablets, 60 Tabs",Generic,60,76427,722235.15,9.45,0.16,"Aurobindo Unit III, India",7017,5367.09,1155.58
12858,Ethiopia,PMO - US,From RDC,N/A - From RDC,Air,18-Feb-09,18-Feb-09,ARV,Adult,SCMS from RDC,SKU0026,"Efavirenz 600mg, tablets, 30 Tabs",Generic,30,27590,293005.8,10.62,0.35,Mylan (formerly Matrix) Nashik,See DN-1060 (ID#:11618),See DN-1060 (ID#:11618),574.29
12859,Ethiopia,PMO - US,From RDC,N/A - From RDC,Air,29-Jan-09,29-Jan-09,ARV,Adult,SCMS from RDC,SKU0026,"Efavirenz 600mg, tablets, 30 Tabs",Generic,30,11549,122650.38,10.62,0.35,"Aurobindo Unit III, India",See DN-1061 (ID#:11019),See DN-1061 (ID#:11019),240.39
12860,Ethiopia,PMO - US,From RDC,N/A - From RDC,Air,4-Mar-09,4-Mar-09,ARV,Adult,SCMS from RDC,SKU0026,"Efavirenz 600mg, tablets, 30 Tabs",Generic,30,35299,374875.38,10.62,0.35,"Aurobindo Unit III, India",See DN-1062 (ID#:12256),See DN-1062 (ID#:12256),734.76
12862,Nigeria,PMO - US,From RDC,N/A - From RDC,Air,30-Oct-08,30-Oct-08,ARV,Adult,SCMS from RDC,SKU0007,"Nevirapine 200mg, tablets, 60 Tabs",Generic,60,6002,20406.8,3.4,0.06,"Aurobindo Unit III, India",See DN-960 (ID#:11945),See DN-960 (ID#:11945),40
12863,Nigeria,PMO - US,From RDC,N/A - From RDC,Air,17-Dec-08,17-Dec-08,ARV,Adult,SCMS from RDC,SKU0004,"Stavudine 30mg, capsules, 60 Caps",Generic,60,7876,12207.8,1.55,0.03,"Aurobindo Unit III, India",521,4608.92,23.93
12864,Nigeria,PMO - US,From RDC,N/A - From RDC,Air Charter,19-Mar-09,19-Mar-09,ARV,Adult,SCMS from RDC,SKU0026,"Efavirenz 600mg, tablets, 30 Tabs",Generic,30,16000,155520,9.72,0.32,"Aurobindo Unit III, India",1364,Freight Included in Commodity Cost,304.82
12865,Nigeria,PMO - US,From RDC,N/A - From RDC,Air Charter,19-Mar-09,19-Mar-09,ARV,Adult,SCMS from RDC,SKU0011,"Lamivudine/Zidovudine 150/300mg, tablets, 60 Tabs",Generic,60,3231,28303.56,8.76,0.15,"Aurobindo Unit III, India",See DN-1124 (ID#:11620),See DN-1124 (ID#:11620),55.47
12866,Nigeria,PMO - US,From RDC,N/A - From RDC,Air Charter,19-Mar-09,19-Mar-09,ARV,Adult,SCMS from RDC,SKU0054,"Lamivudine/Nevirapine/Zidovudine 150/200/300mg, tablets, 60 Tabs",Generic,60,67842,773398.8,11.4,0.19,"Aurobindo Unit III, India",7627,11492.86,1515.86
12868,Côte d'Ivoire,PMO - US,From RDC,N/A - From RDC,Air,29-Apr-09,29-Apr-09,ARV,Adult,SCMS from RDC,SKU0011,"Lamivudine/Zidovudine 150/300mg, tablets, 60 Tabs",Generic,60,28624,267634.4,9.35,0.16,"Aurobindo Unit III, India",2583,7608.7,524.56
12869,Zimbabwe,PMO - US,From RDC,N/A - From RDC,Truck,31-Oct-08,31-Oct-08,ARV,Adult,SCMS from RDC,SKU0098,"Lamivudine/Stavudine 150/30mg, tablets, 30 Tabs",Generic,30,8000,16000,2,0.07,"Cipla, Goa, India",483,2947.59,31.36
12871,Côte d'Ivoire,PMO - US,From RDC,N/A - From RDC,Air,20-Mar-09,20-Mar-09,ARV,Adult,SCMS from RDC,SKU0003,"Lamivudine 150mg, tablets, 60 Tabs",Generic,60,10000,30400,3.04,0.05,"Ranbaxy, Paonta Shahib, India",Weight Captured Separately,Invoiced Separately,59.58
12873,Nigeria,PMO - US,From RDC,N/A - From RDC,Air Charter,8-May-09,8-May-09,ARV,Pediatric,SCMS from RDC,SKU0066,"Efavirenz 200mg, capsule, 90 Caps",Generic,90,1132,17274.32,15.26,0.17,"Aurobindo Unit III, India",See DN-1166 (ID#:12271),See DN-1166 (ID#:12271),33.86
12874,Zimbabwe,PMO - US,From RDC,N/A - From RDC,Truck,27-Apr-09,27-Apr-09,ARV,Adult,SCMS from RDC,SKU0044,"Lamivudine/Nevirapine/Stavudine 150/200/30mg, tablets, 60 Tabs",Generic,60,76000,562400,7.4,0.12,"Cipla, Goa, India",See DN-1168 (ID#:11031),See DN-1168 (ID#:11031),1102.3
12875,Mozambique,PMO - US,From RDC,N/A - From RDC,Truck,3-Jun-09,3-Jun-09,ARV,Adult,SCMS from RDC,SKU0044,"Lamivudine/Nevirapine/Stavudine 150/200/30mg, tablets, 60 Tabs",Generic,60,135000,972000,7.2,0.12,"Strides, Bangalore, India.",10053,10211.52,1905.12
12876,Tanzania,PMO - US,From RDC,N/A - From RDC,Truck,11-May-09,11-May-09,ARV,Pediatric,SCMS from RDC,SKU0071,"Abacavir 20mg/ml, oral solution, Bottle, 240 ml",Generic,240,1977,31928.55,16.15,0.07,"Aurobindo Unit III, India",See DN-1180 (ID#:11033),See DN-1180 (ID#:11033),62.58
12877,Nigeria,PMO - US,From RDC,N/A - From RDC,Air,30-Apr-09,30-Apr-09,ARV,Adult,SCMS from RDC,SKU0007,"Nevirapine 200mg, tablets, 60 Tabs",Generic,60,248,793.6,3.2,0.05,"Aurobindo Unit III, India",24,1547.94,1.56
12878,Nigeria,PMO - US,From RDC,N/A - From RDC,Air,30-Apr-09,30-Apr-09,ARV,Adult,SCMS from RDC,SKU0007,"Nevirapine 200mg, tablets, 60 Tabs",Generic,60,1067,3414.4,3.2,0.05,Hetero Unit III Hyderabad IN,60,1981.1,6.69
12879,Nigeria,PMO - US,From RDC,N/A - From RDC,Air Charter,8-May-09,8-May-09,ARV,Adult,SCMS from RDC,SKU0011,"Lamivudine/Zidovudine 150/300mg, tablets, 60 Tabs",Generic,60,35000,327250,9.35,0.16,"Aurobindo Unit III, India",3162,15128.37,641.41
12883,Ghana,PMO - US,From RDC,N/A - From RDC,Truck,12-Aug-09,12-Aug-09,ARV,Adult,SCMS from RDC,SKU0014,"Zidovudine 300mg, tablets, 60 Tabs",Generic,60,8346,83.46,0.01,0,"Aurobindo Unit III, India",See DN-1235 (ID#:10769),See DN-1235 (ID#:10769),0.16
12885,Nigeria,PMO - US,From RDC,N/A - From RDC,Air Charter,16-Jun-09,16-Jun-09,ARV,Adult,SCMS from RDC,SKU0026,"Efavirenz 600mg, tablets, 30 Tabs",Generic,30,2178,23522.4,10.8,0.36,"Aurobindo Unit III, India",See DN-1244 (ID#:11048),See DN-1244 (ID#:11048),46.1
12886,Nigeria,PMO - US,From RDC,N/A - From RDC,Air Charter,16-Jun-09,16-Jun-09,ARV,Pediatric,SCMS from RDC,SKU0048,"Lamivudine 10mg/ml, oral solution, Bottle, 240 ml",Generic,240,806,1531.4,1.9,0.01,"Aurobindo Unit III, India",See DN-1244 (ID#:11048),See DN-1244 (ID#:11048),3
12887,Uganda,PMO - US,From RDC,N/A - From RDC,Air,1-Jun-09,1-Jun-09,ARV,Adult,SCMS from RDC,SKU0044,"Lamivudine/Nevirapine/Stavudine 150/200/30mg, tablets, 60 Tabs",Generic,60,3895,27732.4,7.12,0.12,"Strides, Bangalore, India.",289,2798.7,54.36
12892,Nigeria,PMO - US,From RDC,N/A - From RDC,Air Charter,16-Jun-09,16-Jun-09,ARV,Adult,SCMS from RDC,SKU0094,"Indinavir 400mg [Crixivan], capsules, 180 Caps",Crixivan,180,400,20000,50,0.28,"MSD, Haarlem, NL",89,7329.83,39.2
12893,Nigeria,PMO - US,From RDC,N/A - From RDC,Air Charter,16-Jun-09,16-Jun-09,ARV,Adult,SCMS from RDC,SKU0054,"Lamivudine/Nevirapine/Zidovudine 150/200/300mg, tablets, 60 Tabs",Generic,60,3190,36366,11.4,0.19,"Aurobindo Unit III, India",361,7329.83,71.28
12894,Nigeria,PMO - US,From RDC,N/A - From RDC,Air Charter,16-Jun-09,16-Jun-09,ARV,Adult,SCMS from RDC,SKU0094,"Indinavir 400mg [Crixivan], capsules, 180 Caps",Crixivan,180,400,20000,50,0.28,"MSD, Haarlem, NL",See DN-1296 (ID#:10779),See DN-1296 (ID#:10779),39.2
12896,Mozambique,PMO - US,From RDC,N/A - From RDC,Air,20-Aug-09,20-Aug-09,ARV,Adult,SCMS from RDC,SKU0007,"Nevirapine 200mg, tablets, 60 Tabs",Generic,60,9310,29792,3.2,0.05,Hetero Unit III Hyderabad IN,376,2342.92,58.39
12897,Zambia,PMO - US,From RDC,N/A - From RDC,Air,4-Sep-09,4-Sep-09,ARV,Adult,SCMS from RDC,SKU0026,"Efavirenz 600mg, tablets, 30 Tabs",Generic,30,22260,244860,11,0.37,"Aurobindo Unit III, India",1921,2448.71,479.93
12898,Mozambique,PMO - US,From RDC,N/A - From RDC,Truck,27-Aug-09,27-Aug-09,ARV,Adult,SCMS from RDC,SKU0003,"Lamivudine 150mg, tablets, 60 Tabs",Generic,60,1894,4621.36,2.44,0.04,"Aurobindo Unit III, India",See DN-1332 (ID#:11663),See DN-1332 (ID#:11663),9.06
12899,Nigeria,PMO - US,From RDC,N/A - From RDC,Air Charter,4-Aug-09,4-Aug-09,ARV,Adult,SCMS from RDC,SKU0054,"Lamivudine/Nevirapine/Zidovudine 150/200/300mg, tablets, 60 Tabs",Generic,60,1268,14455.2,11.4,0.19,"Aurobindo Unit III, India",143,7445.8,28.33
12900,Zambia,PMO - US,From RDC,N/A - From RDC,Truck,29-Sep-09,29-Sep-09,ARV,Adult,SCMS from RDC,SKU0026,"Efavirenz 600mg, tablets, 30 Tabs",Generic,30,27941,307351,11,0.37,"Emcure Plot No.P-2, I.T-B.T. Park, Phase II, MIDC, Hinjwadi, Pune, India",1970,6759.28,602.41
12902,Haiti,PMO - US,From RDC,N/A - From RDC,Air,27-Aug-09,27-Aug-09,ARV,Pediatric,SCMS from RDC,SKU0005,"Zidovudine 10mg/ml, oral solution, Bottle, 240 ml",Generic,240,2757,5789.7,2.1,0.01,"Aurobindo Unit III, India",1038,11774.5,11.35
12903,Haiti,PMO - US,From RDC,N/A - From RDC,Air,31-Jul-09,31-Jul-09,ARV,Pediatric,SCMS from RDC,SKU0065,"Zidovudine 100mg, capsules, 100 Caps",Generic,100,1260,6300,5,0.05,"Aurobindo Unit III, India",See DN-1373 (ID#:11062),See DN-1373 (ID#:11062),12.35
12904,Haiti,PMO - US,From RDC,N/A - From RDC,Air,31-Jul-09,31-Jul-09,ARV,Adult,SCMS from RDC,SKU0059,"Stavudine 20mg, capsules, 60 Caps",Generic,60,108,189,1.75,0.03,"Aurobindo Unit III, India",See DN-1374 (ID#:11999),See DN-1374 (ID#:11999),0.37
12905,Côte d'Ivoire,PMO - US,From RDC,N/A - From RDC,Air,21-Aug-09,21-Aug-09,ARV,Adult,SCMS from RDC,SKU0054,"Lamivudine/Nevirapine/Zidovudine 150/200/300mg, tablets, 60 Tabs",Generic,60,18180,206343,11.35,0.19,"Aurobindo Unit III, India",2047,6739.08,404.43
12908,Uganda,PMO - US,From RDC,N/A - From RDC,Air,24-Aug-09,24-Aug-09,ARV,Adult,SCMS from RDC,SKU0003,"Lamivudine 150mg, tablets, 60 Tabs",Generic,60,2237,5458.28,2.44,0.04,"Aurobindo Unit III, India",See DN-1397 (ID#:11678),See DN-1397 (ID#:11678),10.7
12909,Uganda,PMO - US,From RDC,N/A - From RDC,Ocean,15-Sep-09,15-Sep-09,ARV,Adult,SCMS from RDC,SKU0054,"Lamivudine/Nevirapine/Zidovudine 150/200/300mg, tablets, 60 Tabs",Generic,60,8784,99698.4,11.35,0.19,Mylan (formerly Matrix) Nashik,1118,7338.54,195.41
12910,Zambia,PMO - US,From RDC,N/A - From RDC,Truck,19-Oct-09,19-Oct-09,ARV,Adult,SCMS from RDC,SKU0026,"Efavirenz 600mg, tablets, 30 Tabs",Generic,30,45964,367712,8,0.27,"Aurobindo Unit III, India",See DN-1407 (ID#:11681),See DN-1407 (ID#:11681),720.72
12911,Côte d'Ivoire,PMO - US,From RDC,N/A - From RDC,Air,16-Sep-09,16-Sep-09,ARV,Pediatric,SCMS from RDC,SKU0048,"Lamivudine 10mg/ml, oral solution, Bottle, 240 ml",Generic,240,3181,6043.9,1.9,0.01,"Aurobindo Unit III, India",See DN-1422 (ID#:11682),See DN-1422 (ID#:11682),11.85
12912,Uganda,PMO - US,From RDC,N/A - From RDC,Air,7-Oct-09,7-Oct-09,ARV,Adult,SCMS from RDC,SKU0026,"Efavirenz 600mg, tablets, 30 Tabs",Generic,30,29426,201568.1,6.85,0.23,"Aurobindo Unit III, India",2529,4031.3,395.07
12913,Côte d'Ivoire,PMO - US,From RDC,N/A - From RDC,Air,25-Sep-09,25-Sep-09,ARV,Adult,SCMS from RDC,SKU0003,"Lamivudine 150mg, tablets, 60 Tabs",Generic,60,5830,14225.2,2.44,0.04,"Aurobindo Unit III, India",See DN-1427 (ID#:11683),See DN-1427 (ID#:11683),27.88
12914,Nigeria,PMO - US,From RDC,N/A - From RDC,Air Charter,20-Oct-09,20-Oct-09,ARV,Adult,SCMS from RDC,SKU0054,"Lamivudine/Nevirapine/Zidovudine 150/200/300mg, tablets, 60 Tabs",Generic,60,17000,193800,11.4,0.19,"Aurobindo Unit III, India",1914,9341.49,379.85
12915,Nigeria,PMO - US,From RDC,N/A - From RDC,Air Charter,20-Oct-09,20-Oct-09,ARV,Adult,SCMS from RDC,SKU0054,"Lamivudine/Nevirapine/Zidovudine 150/200/300mg, tablets, 60 Tabs",Generic,60,3001,34211.4,11.4,0.19,"Aurobindo Unit III, India",338,9341.49,67.05
12916,Nigeria,PMO - US,From RDC,N/A - From RDC,Air Charter,20-Oct-09,20-Oct-09,ARV,Adult,SCMS from RDC,SKU0105,"Emtricitabine/Tenofovir Disoproxil Fumarate 200/300mg, tablets, 30 Tabs",Generic,30,240,2820,11.75,0.39,Mylan (formerly Matrix) Nashik,22,9341.49,5.53
12917,Nigeria,PMO - US,From RDC,N/A - From RDC,Air Charter,20-Oct-09,20-Oct-09,ARV,Adult,SCMS from RDC,SKU0054,"Lamivudine/Nevirapine/Zidovudine 150/200/300mg, tablets, 60 Tabs",Generic,60,25281,288203.4,11.4,0.19,"Aurobindo Unit III, India",2847,9341.49,564.88
12918,Nigeria,PMO - US,From RDC,N/A - From RDC,Air Charter,20-Oct-09,20-Oct-09,ARV,Adult,SCMS from RDC,SKU0054,"Lamivudine/Nevirapine/Zidovudine 150/200/300mg, tablets, 60 Tabs",Generic,60,16912,192796.8,11.4,0.19,"Aurobindo Unit III, India",1905,9341.49,377.88
12919,Zambia,PMO - US,From RDC,N/A - From RDC,Truck,13-Oct-09,13-Oct-09,ARV,Adult,SCMS from RDC,SKU0026,"Efavirenz 600mg, tablets, 30 Tabs",Generic,30,22059,137206.98,6.22,0.21,"Emcure Plot No.P-2, I.T-B.T. Park, Phase II, MIDC, Hinjwadi, Pune, India",See DN-1448 (ID#:12012),See DN-1448 (ID#:12012),268.93
12920,Mozambique,PMO - US,From RDC,N/A - From RDC,Truck,17-Sep-09,17-Sep-09,ARV,Adult,SCMS from RDC,SKU0044,"Lamivudine/Nevirapine/Stavudine 150/200/30mg, tablets, 60 Tabs",Generic,60,1604,11420.48,7.12,0.12,"Strides, Bangalore, India.",120,1799.88,22.38
12922,Ghana,PMO - US,From RDC,N/A - From RDC,Truck,30-Sep-09,12-Aug-09,ARV,Pediatric,SCMS from RDC,SKU0042,"Lopinavir/Ritonavir 80/20mg/ml [Kaletra], oral solution, cool, Bottle 5 x 60 ml",Kaletra,300,276,2.76,0.01,0,ABBVIE (Abbott) Logis. UK,See DN-1473 (ID#:11358),See DN-1473 (ID#:11358),0.01
12923,Ghana,PMO - US,From RDC,N/A - From RDC,Truck,30-Sep-09,12-Aug-09,ARV,Pediatric,SCMS from RDC,SKU0042,"Lopinavir/Ritonavir 80/20mg/ml [Kaletra], oral solution, cool, Bottle 5 x 60 ml",Kaletra,300,896,8.96,0.01,0,ABBVIE (Abbott) Logis. UK,See DN-1473 (ID#:11358),See DN-1473 (ID#:11358),0.02
12925,Haiti,PMO - US,From RDC,N/A - From RDC,Air,22-Oct-09,22-Oct-09,ARV,Adult,SCMS from RDC,SKU0004,"Stavudine 30mg, capsules, 60 Caps",Generic,60,4410,6438.6,1.46,0.02,"Aurobindo Unit III, India",286,3842.22,13.88
12926,Ethiopia,PMO - US,From RDC,N/A - From RDC,Air,27-Oct-09,27-Oct-09,ARV,Adult,SCMS from RDC,SKU0007,"Nevirapine 200mg, tablets, 60 Tabs",Generic,60,12873,37331.7,2.9,0.05,"Aurobindo Unit III, India",1258,6027.68,80.49
12929,Kenya,PMO - US,Direct Drop,EXW,Air,16-Feb-10,19-Feb-10,HRDT,HIV test,"Orgenics, Ltd",SKU0002,"HIV 1/2, Determine Complete HIV Kit, 100 Tests",Determine,100,1,80,80,0.8,Inverness Japan,1028,10083.69,0.17
12935,Vietnam,PMO - US,Direct Drop,EXW,Air,9-Jan-14,9-Jan-14,ARV,Adult,MYLAN LABORATORIES LTD (FORMERLY MATRIX LABORATORIES),SKU0011,"Lamivudine/Zidovudine 150/300mg, tablets, 60 Tabs",Generic,60,11092,74871,6.75,0.11,Mylan (formerly Matrix) Nashik,957,1869.41,92.62
12959,Zambia,PMO - US,Direct Drop,EXW,Air,12-May-15,12-May-15,HRDT,HIV test,"Orgenics, Ltd",SKU0002,"HIV 1/2, Determine Complete HIV Kit, 100 Tests",Determine,100,6280,502400,80,0.8,"Alere Medical Co., Ltd.",2548,28709.52,516.47
12973,Haiti,PMO - US,Direct Drop,EXW,Air,12-Jun-12,12-Jun-12,ARV,Pediatric,CIPLA LIMITED,SKU0093,"Lamivudine/Nevirapine/Stavudine 30/50/6mg, dispersible tablets, 60 Tabs",Generic,60,298,685.4,2.3,0.04,"Cipla, Goa, India",21,304.62,0.96
12981,South Sudan,PMO - US,Direct Drop,EXW,Air,16-Aug-13,16-Aug-13,HRDT,HIV test,"Orgenics, Ltd",SKU0002,"HIV 1/2, Determine Complete HIV Kit, 100 Tests",Determine,100,90,8010,89,0.89,"Alere Medical Co., Ltd.",39,1434.98,9.91
13004,Mozambique,PMO - US,Direct Drop,FCA,Air,15-Apr-15,15-Apr-15,ARV,Adult,ABBVIE LOGISTICS (FORMERLY ABBOTT LOGISTICS BV),SKU0110,"Ritonavir 100mg [Norvir], film coated tablets, 60 Tabs",Norvir,60,400,2740,6.85,0.11,ABBVIE Ludwigshafen Germany,62,642.99,3.22
13007,Burundi,PMO - US,Direct Drop,EXW,Air,10-Jun-13,10-Jun-13,HRDT,HIV test,"Orgenics, Ltd",SKU0002,"HIV 1/2, Determine Complete HIV Kit, 100 Tests",Determine,100,1468,117440,80,0.8,"Alere Medical Co., Ltd.",638,12922.07,145.27
13016,Burundi,PMO - US,Direct Drop,EXW,Air,1-Jun-12,1-Jun-12,HRDT,HIV test,"CHEMBIO DIAGNOSTIC SYSTEMS, INC.",SKU0111,"HIV 1/2, Stat-Pak Dipstick Assay Kit, 30 Tests",Stat-Pak,30,305,7777.5,25.5,0.85,Chembio Diagnostics Sys. Inc.,34,836.8,10.9
13020,Haiti,PMO - US,Direct Drop,EXW,Air,30-Jan-12,30-Jan-12,MRDT,Malaria,Premier Medical Corporation Ltd.,SKU0112,"Malaria Antigen P.f Kit, 30 x 1 Test",Generic,30,3,49.5,16.5,0.55,Premier Medical Corporation,1,969.55,0.07
13027,Vietnam,PMO - US,Direct Drop,EXW,Air,29-Jul-14,29-Jul-14,ARV,Adult,HETERO LABS LIMITED,SKU0026,"Efavirenz 600mg, tablets, 30 Tabs",Generic,30,5300,18550,3.5,0.12,Hetero Unit III Hyderabad IN,2922,5616.02,19.07
13038,South Africa,PMO - US,Direct Drop,DDP,Ocean,14-Sep-11,27-Oct-11,ARV,Pediatric,Aurobindo Pharma Limited,SKU0049,"Efavirenz 50mg, capsule, 30 Caps",Generic,30,54768,133633.92,2.44,0.08,"Aurobindo Unit III, India",3237,10923.46,220.5
13064,South Africa,PMO - US,Direct Drop,DDP,Truck,12-May-15,12-May-15,ARV,Adult,PHARMACY DIRECT,SKU0058,"Abacavir 300mg, tablets, 60 Tabs",Generic,60,25,1246.3,49.85,0.83,"Aurobindo Unit III, India",Weight Captured Separately,Freight Included in Commodity Cost,1.28
13091,South Africa,PMO - US,Direct Drop,DDP,Truck,19-Feb-15,19-Feb-15,ARV,Adult,PHARMACY DIRECT,SKU0058,"Abacavir 300mg, tablets, 60 Tabs",Generic,60,3,206.97,68.99,1.15,"Aurobindo Unit III, India",Weight Captured Separately,Freight Included in Commodity Cost,0.21
13093,Vietnam,PMO - US,Direct Drop,EXW,Air,11-Oct-13,9-Oct-13,ARV,Adult,MYLAN LABORATORIES LTD (FORMERLY MATRIX LABORATORIES),SKU0113,"Efavirenz/Lamivudine/Tenofovir Disoproxil Fumarate 600/300/300mg, tablets, 30 Tabs",Generic,30,11500,132135,11.49,0.38,Mylan (formerly Matrix) Nashik,1295,2021.05,163.45
13106,Vietnam,PMO - US,Direct Drop,EXW,Air,16-Sep-14,16-Sep-14,ARV,Adult,HETERO LABS LIMITED,SKU0029,"Tenofovir Disoproxil Fumarate 300mg, tablets, 30 Tabs",Generic,30,16000,56800,3.55,0.12,Hetero Unit III Hyderabad IN,1948,3138.25,58.39
13115,South Africa,PMO - US,Direct Drop,DDP,Truck,27-Aug-14,27-Aug-14,ARV,Adult,S. BUYS WHOLESALER,SKU0105,"Emtricitabine/Tenofovir Disoproxil Fumarate 200/300mg, tablets, 30 Tabs",Generic,30,13,438.41,33.72,1.12,"Aurobindo Unit III, India",Weight Captured Separately,Freight Included in Commodity Cost,0.54
13138,Nigeria,PMO - US,Direct Drop,EXW,Air,9-Jan-13,10-Jan-13,HRDT,HIV test,"Orgenics, Ltd",SKU0002,"HIV 1/2, Determine Complete HIV Kit, 100 Tests",Determine,100,2744,244216,89,0.89,"Alere Medical Co., Ltd.",1186,25193.28,342.39
13148,Dominican Republic,PMO - US,Direct Drop,DDP,Air,14-Jan-14,14-Jan-14,ARV,Pediatric,"ABBVIE, SRL (FORMALLY ABBOTT LABORATORIES INTERNATIONAL CO.)",SKU0114,"Lopinavir/Ritonavir 80/20mg/ml [Kaletra], oral solution, cool, Bottle, 160 ml",Kaletra,160,4570,148250.8,32.44,0.2,ABBVIE Labs North Chicago US,Weight Captured Separately,Freight Included in Commodity Cost,152.4
13151,Mozambique,PMO - US,Direct Drop,EXW,Air,12-Dec-11,30-Nov-11,HRDT,HIV test,"Orgenics, Ltd",SKU0017,"HIV 1/2, Determine HIV Kit, without Lancets, 100 Tests",Determine,100,1,77.7,77.7,0.78,Inverness Japan,Weight Captured Separately,Invoiced Separately,0.13
13161,South Africa,PMO - US,Direct Drop,DDP,Air,24-Aug-10,24-Aug-10,ARV,Adult,Aurobindo Pharma Limited,SKU0026,"Efavirenz 600mg, tablets, 30 Tabs",Generic,30,56877,265615.59,4.67,0.16,"Aurobindo Unit III, India",4815,5886.9,572.67
13205,Côte d'Ivoire,PMO - US,Direct Drop,EXW,Air,15-Sep-09,15-Sep-09,HRDT,HIV test,"Orgenics, Ltd",SKU0017,"HIV 1/2, Determine HIV Kit, without Lancets, 100 Tests",Determine,100,3500,245000,70,0.7,Inverness Japan,893,12858.12,480.2
13231,South Africa,PMO - US,Direct Drop,DDP,Truck,27-Aug-14,27-Aug-14,ARV,Adult,S. BUYS WHOLESALER,SKU0014,"Zidovudine 300mg, tablets, 60 Tabs",Generic,60,14,389.56,27.83,0.46,"Aurobindo Unit III, India",Weight Captured Separately,Freight Included in Commodity Cost,0.48
13275,Vietnam,PMO - US,Direct Drop,EXW,Air,13-Jul-15,13-Jul-15,ARV,Adult,HETERO LABS LIMITED,SKU0113,"Efavirenz/Lamivudine/Tenofovir Disoproxil Fumarate 600/300/300mg, tablets, 30 Tabs",Generic,30,17760,177600,10,0.33,Hetero Unit III Hyderabad IN,2516,3816.3,209.04
13277,Vietnam,PMO - US,Direct Drop,EXW,Air,26-Oct-09,26-Oct-09,ARV,Adult,MYLAN LABORATORIES LTD (FORMERLY MATRIX LABORATORIES),SKU0029,"Tenofovir Disoproxil Fumarate 300mg, tablets, 30 Tabs",Generic,30,1680,13860,8.25,0.28,Mylan (formerly Matrix) Nashik,110,791.43,27.17
13302,Rwanda,PMO - US,Direct Drop,CIP,Air,2-Nov-10,2-Nov-10,ARV,Adult,MYLAN LABORATORIES LTD (FORMERLY MATRIX LABORATORIES),SKU0107,"Lamivudine/Tenofovir Disoproxil Fumarate 300/300mg, tablets, 30 Tabs",Generic,30,138422,1211192.5,8.75,0.29,Mylan (formerly Matrix) Nashik,13147,4781.8,2611.33
13311,Côte d'Ivoire,PMO - US,Direct Drop,EXW,Air,29-Mar-12,29-Mar-12,HRDT,HIV test,"Orgenics, Ltd",SKU0002,"HIV 1/2, Determine Complete HIV Kit, 100 Tests",Determine,100,2000,160000,80,0.8,"Alere Medical Co., Ltd.",957,18919.56,224.32
13379,Malawi,PMO - US,Direct Drop,EXW,Ocean,21-Jun-13,21-Jun-13,ARV,Adult,MYLAN LABORATORIES LTD (FORMERLY MATRIX LABORATORIES),SKU0113,"Efavirenz/Lamivudine/Tenofovir Disoproxil Fumarate 600/300/300mg, tablets, 30 Tabs",Generic,30,243800,2801262,11.49,0.38,Mylan (formerly Matrix) Nashik,27549,24875.46,3465.16
13476,Mozambique,PMO - US,Direct Drop,CIP,Air,19-Mar-10,19-Mar-10,ARV,Adult,INTERNATIONAL HEALTHCARE DISTRIBUTORS,SKU0056,"Ritonavir 100mg [Norvir], capsules, cool, 84 Caps",Norvir,84,520,5366.4,10.32,0.12,ABBVIE (Abbott) France,149,Freight Included in Commodity Cost,10.52
13481,South Africa,PMO - US,Direct Drop,DDP,Truck,26-Jan-15,26-Jan-15,ARV,Adult,PHARMACY DIRECT,SKU0029,"Tenofovir Disoproxil Fumarate 300mg, tablets, 30 Tabs",Generic,30,132,1823.8,13.82,0.46,Mylan (formerly Matrix) Nashik,Weight Captured Separately,Freight Included in Commodity Cost,1.87
13487,Haiti,PMO - US,Direct Drop,EXW,Ocean,13-Mar-15,13-Mar-15,ARV,Adult,MYLAN LABORATORIES LTD (FORMERLY MATRIX LABORATORIES),SKU0113,"Efavirenz/Lamivudine/Tenofovir Disoproxil Fumarate 600/300/300mg, tablets, 30 Tabs",Generic,30,25000,256000,10.24,0.34,Mylan (formerly Matrix) Nashik,3034,7658.27,263.17
13544,Côte d'Ivoire,PMO - US,Direct Drop,FCA,Air,3-Nov-14,3-Nov-14,ARV,Pediatric,ABBVIE LOGISTICS (FORMERLY ABBOTT LOGISTICS BV),SKU0042,"Lopinavir/Ritonavir 80/20mg/ml [Kaletra], oral solution, cool, Bottle 5 x 60 ml",Kaletra,300,500,15410,30.82,0.1,ABBVIE (Abbott) Logis. UK,505,6523.85,15.84
13547,"Congo, DRC",PMO - US,Direct Drop,EXW,Air,4-Nov-14,4-Nov-14,HRDT,HIV test,"Trinity Biotech, Plc",SKU0009,"HIV 1/2, Uni-Gold HIV Kit, 20 Tests",Uni-Gold,20,77,2464,32,1.6,"Trinity Biotech, Plc",509,8021.11,2.53
15356,Sudan,PMO - US,Direct Drop,EXW,Air,8-Feb-12,8-Feb-12,HRDT,HIV test,"Trinity Biotech, Plc",SKU0009,"HIV 1/2, Uni-Gold HIV Kit, 20 Tests",Uni-Gold,20,35,1120,32,1.6,"Trinity Biotech, Plc",12,646.81,1.85
13555,Vietnam,PMO - US,Direct Drop,EXW,Air,5-Feb-15,5-Feb-15,ARV,Adult,MYLAN LABORATORIES LTD (FORMERLY MATRIX LABORATORIES),SKU0054,"Lamivudine/Nevirapine/Zidovudine 150/200/300mg, tablets, 60 Tabs",Generic,60,13000,105300,8.1,0.13,Mylan (formerly Matrix) Nashik,2672,2504.64,108.25
13568,South Africa,PMO - US,Direct Drop,DDP,Truck,9-Mar-15,9-Mar-15,ARV,Adult,PHARMACY DIRECT,SKU0026,"Efavirenz 600mg, tablets, 30 Tabs",Generic,30,139,1566.38,11.27,0.38,"Aurobindo Unit III, India",Weight Captured Separately,Freight Included in Commodity Cost,1.61
13571,South Sudan,PMO - US,Direct Drop,EXW,Air,9-Jan-15,9-Jan-15,HRDT,HIV test,"Trinity Biotech, Plc",SKU0009,"HIV 1/2, Uni-Gold HIV Kit, 20 Tests",Uni-Gold,20,18,576,32,1.6,"Trinity Biotech, Plc",177,1692.35,0.59
13581,Swaziland,PMO - US,Direct Drop,EXW,Air,28-Sep-11,28-Sep-11,HRDT,HIV test,"Orgenics, Ltd",SKU0002,"HIV 1/2, Determine Complete HIV Kit, 100 Tests",Determine,100,377,30160,80,0.8,Inverness Japan,172,4504.46,49.76
13608,Uganda,PMO - US,Direct Drop,DDP,Air,21-May-12,21-May-12,ARV,Adult,ASPEN PHARMACARE,SKU0115,"Etravirine 100mg [Intelence], tablets, 120 Tabs",Intelence,120,121,9075,75,0.62,"Janssen-Cilag, Latina, IT",43,199,12.72
13648,"Congo, DRC",PMO - US,Direct Drop,EXW,Air,23-Jul-15,23-Jul-15,HRDT,HIV test,"Orgenics, Ltd",SKU0002,"HIV 1/2, Determine Complete HIV Kit, 100 Tests",Determine,100,143,11440,80,0.8,"Alere Medical Co., Ltd.",Weight Captured Separately,Invoiced Separately,13.46
13652,Vietnam,PMO - US,Direct Drop,EXW,Air,30-Sep-09,30-Sep-09,ARV,Adult,MYLAN LABORATORIES LTD (FORMERLY MATRIX LABORATORIES),SKU0026,"Efavirenz 600mg, tablets, 30 Tabs",Generic,30,21504,139776,6.5,0.22,Mylan (formerly Matrix) Nashik,1849,4191.83,273.96
13696,Dominican Republic,PMO - US,Direct Drop,EXW,Air,27-Sep-11,27-Sep-11,HRDT,HIV test - Ancillary,"Standard Diagnostics, Inc.",SKU0116,"HIV 1/2, Bioline 3.0 Diluent, 25 Tests, Bottle x 5 ml",Bioline,1,448,403.2,0.9,0.9,"Standard Diagnostics, Korea",71,844.36,0.67
13700,Mozambique,PMO - US,Direct Drop,EXW,Air,2-May-14,2-May-14,ARV,Adult,HETERO LABS LIMITED,SKU0054,"Lamivudine/Nevirapine/Zidovudine 150/200/300mg, tablets, 60 Tabs",Generic,60,35136,284952.96,8.11,0.14,Hetero Unit III Hyderabad IN,4784,19286.53,292.93
13708,"Congo, DRC",PMO - US,Direct Drop,EXW,Air,4-Apr-14,4-Apr-14,HRDT,HIV test,"Trinity Biotech, Plc",SKU0009,"HIV 1/2, Uni-Gold HIV Kit, 20 Tests",Uni-Gold,20,32,1024,32,1.6,"Trinity Biotech, Plc",54,2734.02,1.05
13739,Haiti,PMO - US,Direct Drop,EXW,Ocean,2-Sep-13,2-Sep-13,ARV,Pediatric,Aurobindo Pharma Limited,SKU0117,"Zidovudine 10mg/ml, oral solution w/syringe, Bottle, 240 ml",Generic,240,1832,3847.2,2.1,0.01,"Aurobindo Unit III, India",3504,7117.39,4.76
13748,Côte d'Ivoire,PMO - US,Direct Drop,EXW,Air,11-Sep-09,11-Sep-09,HRDT,HIV test,"CHEMBIO DIAGNOSTIC SYSTEMS, INC.",SKU0016,"HIV 1/2, Stat-Pak HIV, Kit, 20 Tests",Stat-Pak,20,350,9450,27,1.35,Chembio Diagnostics Sys. Inc.,205,1437.4,18.52
13761,Vietnam,PMO - US,Direct Drop,FCA,Air,3-Oct-12,3-Oct-12,ARV,Adult,ABBVIE LOGISTICS (FORMERLY ABBOTT LOGISTICS BV),SKU0118,"Ritonavir 100mg [Norvir], film coated tablets, 30 Tabs",Norvir,30,174,4047.24,23.26,0.78,ABBVIE Ludwigshafen Germany,21,583.66,5.67
13766,Vietnam,PMO - US,Direct Drop,EXW,Air,17-Dec-14,17-Dec-14,ARV,Adult,HETERO LABS LIMITED,SKU0029,"Tenofovir Disoproxil Fumarate 300mg, tablets, 30 Tabs",Generic,30,4000,14200,3.55,0.12,Hetero Unit III Hyderabad IN,Weight Captured Separately,Invoiced Separately,14.6
13809,Nigeria,PMO - US,Direct Drop,EXW,Air,5-Aug-15,5-Aug-15,ARV,Adult,EMCURE PHARMACEUTICALS LTD,SKU0119,"Atazanavir/Ritonavir 300/100mg, tablets, 30 Tabs",Generic,30,4560,82080,18,0.6,"Emcure Plot No.P-2, I.T-B.T. Park, Phase II, MIDC, Hinjwadi, Pune, India",Weight Captured Separately,Invoiced Separately,84.38
13817,Zimbabwe,PMO - US,Direct Drop,EXW,Air,14-Jun-14,14-Jun-14,ARV,Adult,Aurobindo Pharma Limited,SKU0107,"Lamivudine/Tenofovir Disoproxil Fumarate 300/300mg, tablets, 30 Tabs",Generic,30,32670,151915.5,4.65,0.16,"Aurobindo Unit VII, IN",3076,25730.13,156.17
13841,Rwanda,PMO - US,Direct Drop,CIP,Air,16-Apr-10,16-Apr-10,ARV,Adult,MYLAN LABORATORIES LTD (FORMERLY MATRIX LABORATORIES),SKU0107,"Lamivudine/Tenofovir Disoproxil Fumarate 300/300mg, tablets, 30 Tabs",Generic,30,62209,681188.55,10.95,0.36,Mylan (formerly Matrix) Nashik,5795,63600.4,1335.13
13842,"Congo, DRC",PMO - US,Direct Drop,EXW,Air,30-Sep-14,30-Sep-14,ARV,Pediatric,Aurobindo Pharma Limited,SKU0120,"Nevirapine 50mg, dispersible tablets (tablets for oral suspension), 30 Tabs",Generic,30,940,1175,1.25,0.04,"Aurobindo Unit III, India",132,2516.57,1.21
15368,Vietnam,PMO - US,Direct Drop,EXW,Air,19-Mar-10,19-Mar-10,ARV,Adult,Aurobindo Pharma Limited,SKU0003,"Lamivudine 150mg, tablets, 60 Tabs",Generic,60,24480,58752,2.4,0.04,"Aurobindo Unit III, India",3536,20910.43,115.15
13845,South Africa,PMO - US,Direct Drop,DDP,Truck,24-Jul-15,24-Jul-15,ARV,Adult,PHARMACY DIRECT,SKU0121,"Darunavir 600mg [Prezista], tablets, 60 Tabs",Prezista,60,33,1671.87,50.66,0.84,"Janssen-Cilag, Latina, IT",Weight Captured Separately,Freight Included in Commodity Cost,1.72
13862,Burundi,PMO - US,Direct Drop,EXW,Air,18-Feb-15,18-Feb-15,HRDT,HIV test,"CHEMBIO DIAGNOSTIC SYSTEMS, INC.",SKU0111,"HIV 1/2, Stat-Pak Dipstick Assay Kit, 30 Tests",Stat-Pak,30,595,16422,27.6,0.92,Chembio Diagnostics Sys. Inc.,63,865.67,19.33
13874,Haiti,PMO - US,Direct Drop,EXW,Air,14-Aug-13,14-Aug-13,ARV,Adult,MICRO LABS LIMITED,SKU0026,"Efavirenz 600mg, tablets, 30 Tabs",Generic,30,14448,46667.04,3.23,0.11,"Micro labs, Verna, Goa, India",2284,13257.25,57.73
13886,Uganda,PMO - US,Direct Drop,CIP,Air,20-Nov-13,20-Nov-13,ARV,Adult,ASPEN PHARMACARE,SKU0115,"Etravirine 100mg [Intelence], tablets, 120 Tabs",Intelence,120,108,3888,36,0.3,"Janssen-Cilag, Latina, IT",22,265,4.81
13897,Kenya,PMO - US,Direct Drop,EXW,Air,17-Jan-12,17-Jan-12,HRDT,HIV test,"Orgenics, Ltd",SKU0002,"HIV 1/2, Determine Complete HIV Kit, 100 Tests",Determine,100,8298,738522,89,0.89,"Alere Medical Co., Ltd.",1427,16090.59,1218.56
13899,South Africa,PMO - US,Direct Drop,DDP,Truck,28-Nov-14,28-Nov-14,ARV,Pediatric,PHARMACY DIRECT,SKU0066,"Efavirenz 200mg, capsule, 90 Caps",Generic,90,16,272.7,17.04,0.19,"Aurobindo Unit III, India",Weight Captured Separately,Freight Included in Commodity Cost,0.28
13900,Cameroon,PMO - US,Direct Drop,EXW,Air,10-Oct-13,10-Oct-13,HRDT,HIV test,"Orgenics, Ltd",SKU0122,"HIV 1/2, Determine Kit without Lancets, Buffer or Caplillary Tubes, 100 Tests",Determine,100,120,8658,72.15,0.72,"Alere Medical Co., Ltd.",Weight Captured Separately,1090.87,10.71
13903,Tanzania,PMO - US,Direct Drop,EXW,Air,22-Mar-14,22-Mar-14,ARV,Pediatric,Aurobindo Pharma Limited,SKU0049,"Efavirenz 50mg, capsule, 30 Caps",Generic,30,5925,9243,1.56,0.05,"Aurobindo Unit III, India",394,3245.39,11.43
13904,Vietnam,PMO - US,Direct Drop,EXW,Air,30-Oct-14,30-Oct-14,ARV,Adult,MYLAN LABORATORIES LTD (FORMERLY MATRIX LABORATORIES),SKU0011,"Lamivudine/Zidovudine 150/300mg, tablets, 60 Tabs",Generic,60,9800,63602,6.49,0.11,Mylan (formerly Matrix) Nashik,2235,3708.72,65.38
13915,Cameroon,PMO - US,Direct Drop,EXW,Air,15-May-14,15-May-14,HRDT,HIV test,Orasure Technologies Inc.,SKU0123,"HIV 1/2, OraQuick Rapid Antibody Kit, 100 Tests",OraQuick,100,1000,350000,350,3.5,"Orasure Technologies, Inc",2090,51331.09,432.95
13926,South Africa,PMO - US,Direct Drop,DDP,Air,13-Oct-10,25-Jan-11,ARV,Adult,CIPLA LIMITED,SKU0029,"Tenofovir Disoproxil Fumarate 300mg, tablets, 30 Tabs",Generic,30,19992,156337.44,7.82,0.26,"Cipla, Goa, India",1378,3646.1,337.06
13959,Zambia,PMO - US,Direct Drop,EXW,Air,1-Dec-14,1-Dec-14,ARV,Pediatric,MYLAN LABORATORIES LTD (FORMERLY MATRIX LABORATORIES),SKU0124,"Lamivudine/Zidovudine 30/60mg, dispersible tablets, 60 Tabs",Generic,60,10000,19900,1.99,0.03,"Mylan,  H-12 & H-13, India",849,4316.34,20.46
13968,South Sudan,PMO - US,Direct Drop,EXW,Air,18-Oct-13,18-Oct-13,HRDT,HIV test,"Trinity Biotech, Plc",SKU0009,"HIV 1/2, Uni-Gold HIV Kit, 20 Tests",Uni-Gold,20,35,1120,32,1.6,"Trinity Biotech, Plc",176,4124.74,1.39
13978,Vietnam,PMO - US,Direct Drop,EXW,Air,1-Jul-13,1-Jul-13,ARV,Adult,HETERO LABS LIMITED,SKU0011,"Lamivudine/Zidovudine 150/300mg, tablets, 60 Tabs",Generic,60,9095,62300.75,6.85,0.11,Hetero Unit III Hyderabad IN,1736,8163.83,77.07
13988,Haiti,PMO - US,Direct Drop,EXW,Air,9-Jul-13,9-Jul-13,HRDT,HIV test,"SHANGHAI KEHUA BIOENGINEERING CO.,LTD.  (KHB)",SKU0063,"HIV 1/2, SKB Colloidal Gold, Diagnostic Kit, Antibody, 50 Tests",Colloidal Gold,1,300,7350,24.5,24.5,"KHB Test Kit Facility, Shanghai China",182,2581.83,9.09
14016,Vietnam,PMO - US,Direct Drop,EXW,Air,7-Nov-14,7-Nov-14,ARV,Adult,MICRO LABS LIMITED,SKU0007,"Nevirapine 200mg, tablets, 60 Tabs",Generic,60,7600,15808,2.08,0.03,"Micro labs, Verna, Goa, India",1292,2800.95,16.25
14018,Haiti,PMO - US,Direct Drop,EXW,Air,12-Feb-15,12-Feb-15,ARV,Adult,HETERO LABS LIMITED,SKU0011,"Lamivudine/Zidovudine 150/300mg, tablets, 60 Tabs",Generic,60,50544,334095.84,6.61,0.11,"Hetero, Jadcherla, unit 5, IN",4669,34778.32,343.45
14023,South Africa,PMO - US,Direct Drop,DDP,Truck,19-Oct-09,19-Oct-09,ARV,Pediatric,S. BUYS WHOLESALER,SKU0066,"Efavirenz 200mg, capsule, 90 Caps",Generic,90,100,3297.8,32.98,0.37,"Aurobindo Unit III, India",Weight Captured Separately,Freight Included in Commodity Cost,6.46
14043,Vietnam,PMO - US,Direct Drop,EXW,Air,30-Mar-10,30-Mar-10,ARV,Adult,Aurobindo Pharma Limited,SKU0029,"Tenofovir Disoproxil Fumarate 300mg, tablets, 30 Tabs",Generic,30,3528,27342,7.75,0.26,"Aurobindo Unit III, India",395,3538.57,58.95
14079,Tanzania,PMO - US,Direct Drop,EXW,Air,17-Sep-13,17-Sep-13,HRDT,HIV test,"Standard Diagnostics, Inc.",SKU0002,"HIV 1/2, Determine Complete HIV Kit, 100 Tests",Determine,100,2915,0,0,0,"Alere Medical Co., Ltd.",1208,20583.37,0
14097,Burundi,PMO - US,Direct Drop,EXW,Air,6-Oct-14,6-Oct-14,HRDT,HIV test,"Orgenics, Ltd",SKU0002,"HIV 1/2, Determine Complete HIV Kit, 100 Tests",Determine,100,3484,278720,80,0.8,"Alere Medical Co., Ltd.",1415,33228.68,286.52
14178,Tanzania,PMO - US,Direct Drop,EXW,Air,29-Sep-11,29-Oct-11,HRDT,HIV test,"Standard Diagnostics, Inc.",SKU0019,"HIV 1/2, Bioline 3.0 Kit, Lancets, Capillary pipets, Alcohol swabs included, 25 Tests",Bioline,25,10000,200000,20,0.8,"Standard Diagnostics, Korea",3334,21952.35,330
14180,Zambia,PMO - US,Direct Drop,EXW,Air,28-Jul-14,28-Jul-14,HRDT,HIV test,"Trinity Biotech, Plc",SKU0009,"HIV 1/2, Uni-Gold HIV Kit, 20 Tests",Uni-Gold,20,9500,304000,32,1.6,"Trinity Biotech, Plc",2783,20621.1,312.51
14195,Benin,PMO - US,Direct Drop,EXW,Air,12-Jul-11,12-Jul-11,ARV,Adult,MYLAN LABORATORIES LTD (FORMERLY MATRIX LABORATORIES),SKU0113,"Efavirenz/Lamivudine/Tenofovir Disoproxil Fumarate 600/300/300mg, tablets, 30 Tabs",Generic,30,1244,17540.4,14.1,0.47,Mylan (formerly Matrix) Nashik,175,5864.56,28.94
14200,South Africa,PMO - US,Direct Drop,DDP,Truck,13-Jan-14,13-Jan-14,ARV,Adult,S. BUYS WHOLESALER,SKU0011,"Lamivudine/Zidovudine 150/300mg, tablets, 60 Tabs",Generic,60,59,1653.14,28.02,0.47,"Cipla, Goa, India",Weight Captured Separately,Freight Included in Commodity Cost,1.7
14210,Côte d'Ivoire,PMO - US,Direct Drop,EXW,Air,1-Dec-11,1-Dec-11,ARV,Adult,MYLAN LABORATORIES LTD (FORMERLY MATRIX LABORATORIES),SKU0125,"Abacavir/Lamivudine/Zidovudine 300/150/300mg, tablets, 60 Tabs",Generic,60,4000,112000,28,0.47,Mylan (formerly Matrix) Nashik,655,5300.24,184.8
14230,Rwanda,PMO - US,Direct Drop,FCA,Air,17-May-13,17-May-13,ARV,Pediatric,ABBVIE LOGISTICS (FORMERLY ABBOTT LOGISTICS BV),SKU0042,"Lopinavir/Ritonavir 80/20mg/ml [Kaletra], oral solution, cool, Bottle 5 x 60 ml",Kaletra,300,400,12328,30.82,0.1,ABBVIE (Abbott) Logis. UK,454,7152.99,15.25
14240,South Sudan,PMO - US,Direct Drop,EXW,Air,3-Jun-15,3-Jun-15,HRDT,HIV test,"Orgenics, Ltd",SKU0002,"HIV 1/2, Determine Complete HIV Kit, 100 Tests",Determine,100,70,6230,89,0.89,"Alere Medical Co., Ltd.",Weight Captured Separately,Invoiced Separately,7.33
14241,Mozambique,PMO - US,Direct Drop,EXW,Air,9-Apr-14,9-Apr-14,ARV,Adult,Aurobindo Pharma Limited,SKU0069,"Didanosine 250mg, delayed-release capsules, 30 Caps",Generic,30,800,6064,7.58,0.25,"Aurobindo Unit III, India",77,979.14,6.23
14252,Uganda,PMO - US,Direct Drop,EXW,Air,21-Mar-14,21-Mar-14,ARV,Pediatric,CIPLA LIMITED,SKU0124,"Lamivudine/Zidovudine 30/60mg, dispersible tablets, 60 Tabs",Generic,60,7445,16676.8,2.24,0.04,"Cipla, Goa, India",574,3868.24,17.14
14265,Vietnam,PMO - US,Direct Drop,EXW,Air,24-May-13,24-May-13,ARV,Pediatric,Aurobindo Pharma Limited,SKU0126,"Nevirapine 10mg/ml, oral suspension w/syringe, Bottle, 240 ml",Generic,240,263,486.55,1.85,0.01,"Aurobindo Unit III, India",182,5970.85,0.6
14278,Ethiopia,PMO - US,Direct Drop,EXW,Air,4-Mar-10,4-Mar-10,ARV,Adult,Aurobindo Pharma Limited,SKU0003,"Lamivudine 150mg, tablets, 60 Tabs",Generic,60,56000,133280,2.38,0.04,"Aurobindo Unit III, India",2996,10612.93,287.35
14279,Tanzania,PMO - US,Direct Drop,EXW,Air,1-Nov-12,1-Nov-12,ARV,Adult,HETERO LABS LIMITED,SKU0026,"Efavirenz 600mg, tablets, 30 Tabs",Generic,30,100986,343352.4,3.4,0.11,Hetero Unit III Hyderabad IN,10579,41585.93,481.38
14286,Côte d'Ivoire,PMO - US,Direct Drop,EXW,Air,27-Nov-13,27-Nov-13,HRDT,HIV test,"CHEMBIO DIAGNOSTIC SYSTEMS, INC.",SKU0016,"HIV 1/2, Stat-Pak HIV, Kit, 20 Tests",Stat-Pak,20,1900,55100,29,1.45,Chembio Diagnostics Sys. Inc.,550,8263.16,68.16
14291,Tanzania,PMO - US,Direct Drop,EXW,Air,15-Jul-14,15-Jul-14,HRDT,HIV test,"Orgenics, Ltd",SKU0002,"HIV 1/2, Determine Complete HIV Kit, 100 Tests",Determine,100,100,8000,80,0.8,"Alere Medical Co., Ltd.",39,1176.54,8.22
14309,Vietnam,PMO - US,Direct Drop,FCA,Air,15-Jan-13,15-Jan-13,ARV,Adult,ABBVIE LOGISTICS (FORMERLY ABBOTT LOGISTICS BV),SKU0008,"Lopinavir/Ritonavir 200/50mg [Aluvia], tablets, 120 Tabs",Aluvia,120,3812,231845.84,60.82,0.51,ABBVIE Ludwigshafen Germany,824,3216.15,325.05
14323,Dominican Republic,PMO - US,Direct Drop,EXW,Air,27-Sep-11,27-Sep-11,HRDT,HIV test,"Standard Diagnostics, Inc.",SKU0127,"HIV 1/2, Bioline 3.0 Kit, 100 Tests",Bioline,100,112,8400,75,0.75,"Standard Diagnostics, Korea",See ASN-12145 (ID#:13696),See ASN-12145 (ID#:13696),13.86
14331,Vietnam,PMO - US,Direct Drop,EXW,Air,28-Sep-09,28-Sep-09,ARV,Adult,MYLAN LABORATORIES LTD (FORMERLY MATRIX LABORATORIES),SKU0026,"Efavirenz 600mg, tablets, 30 Tabs",Generic,30,3528,22932,6.5,0.22,Mylan (formerly Matrix) Nashik,383,1162.52,44.95
14348,Nigeria,PMO - US,Direct Drop,EXW,Air,27-Jul-11,27-Jul-11,HRDT,HIV test,"Orgenics, Ltd",SKU0002,"HIV 1/2, Determine Complete HIV Kit, 100 Tests",Determine,100,2044,181916,89,0.89,Inverness Japan,976,26014.88,300.16
14364,South Africa,PMO - US,Direct Drop,DDP,Truck,3-Oct-14,3-Oct-14,ARV,Adult,PHARMACY DIRECT,SKU0058,"Abacavir 300mg, tablets, 60 Tabs",Generic,60,9,620.91,68.99,1.15,"Aurobindo Unit III, India",Weight Captured Separately,Freight Included in Commodity Cost,0.64
14384,Tanzania,PMO - US,Direct Drop,EXW,Air,22-Mar-14,22-Mar-14,ARV,Pediatric,Aurobindo Pharma Limited,SKU0049,"Efavirenz 50mg, capsule, 30 Caps",Generic,30,20867,32552.52,1.56,0.05,"Aurobindo Unit III, India",1337,8403.67,40.27
14404,South Africa,PMO - US,Direct Drop,DDP,Ocean,2-Sep-11,2-Sep-11,ARV,Adult,STRIDES ARCOLAB LIMITED,SKU0007,"Nevirapine 200mg, tablets, 60 Tabs",Generic,60,150000,430500,2.87,0.05,"Strides, Bangalore, India.",9306,10511.33,710.32
14409,South Africa,PMO - US,Direct Drop,DDP,Ocean,14-Mar-11,14-Mar-11,ARV,Adult,CIPLA LIMITED,SKU0007,"Nevirapine 200mg, tablets, 60 Tabs",Generic,60,159000,443610,2.79,0.05,"Cipla, Goa, India",16729,25199.31,956.42
14410,Nigeria,PMO - US,Direct Drop,EXW,Air,28-Feb-11,28-Feb-11,ACT,ACT,NOVARTIS PHARMA SERVICES AG,SKU0128,"Artemether/Lumefantrine 20/120mg [Coartem], scored tablets, Blister 30 x 24 Tabs",Coartem,720,1245,48555,39,0.05,"Novartis Pharma Suffern, USA",859,5810.56,104.68
14412,South Africa,PMO - US,Direct Drop,DDP,Truck,5-Nov-14,5-Nov-14,ARV,Adult,PHARMACY DIRECT,SKU0129,"Raltegravir 400mg [Isentress], tablets, 60 Tabs",Isentress,60,24,2031.3,84.64,1.41,"MSD, Haarlem, NL",Weight Captured Separately,Freight Included in Commodity Cost,2.09
14431,Rwanda,PMO - US,Direct Drop,FCA,Air,5-Jul-12,5-Jul-12,ARV,Adult,Hoffmann-La Roche ltd Basel,SKU0080,"Nelfinavir (as mesilate) 250mg [Viracept], tablets, 270 Tabs",Viracept,270,109,17410.04,159.73,0.59,Roche Madrid,27,2205.25,28.73
14433,South Africa,PMO - US,Direct Drop,DDP,Truck,29-Dec-09,29-Dec-09,ARV,Adult,S. BUYS WHOLESALER,SKU0053,"Emtricitabine/Tenofovir Disoproxil Fumarate 200/300mg [Truvada], tablets, 30 Tabs",Truvada,30,100,4669.76,46.7,1.56,"Aspen-OSD, Port Elizabeth, SA",Weight Captured Separately,Freight Included in Commodity Cost,10.07
14437,South Africa,PMO - US,Direct Drop,DDP,Truck,14-Jul-15,14-Jul-15,ARV,Pediatric,PHARMACY DIRECT,SKU0042,"Lopinavir/Ritonavir 80/20mg/ml [Kaletra], oral solution, cool, Bottle 5 x 60 ml",Kaletra,300,3,51.42,17.14,0.06,ABBVIE (Abbott) Logis. UK,Weight Captured Separately,Freight Included in Commodity Cost,0.05
14440,South Africa,PMO - US,Direct Drop,DDP,Air,9-Feb-11,9-Feb-11,ARV,Pediatric,ASPEN PHARMACARE,SKU0087,"Abacavir 20mg/ml [Ziagen], oral solution, Bottle, 240 ml",Ziagen,240,28000,280560,10.02,0.04,GSK Mississauga (Canada),Weight Captured Separately,Freight Included in Commodity Cost,604.89
14447,South Africa,PMO - US,Direct Drop,DDP,Ocean,3-Nov-11,10-Oct-11,ARV,Adult,Aurobindo Pharma Limited,SKU0026,"Efavirenz 600mg, tablets, 30 Tabs",Generic,30,5745,25909.95,4.51,0.15,"Aurobindo Unit III, India",488,4232.71,42.75
14508,Zimbabwe,PMO - US,Direct Drop,EXW,Air,8-Sep-11,8-Sep-11,HRDT,HIV test,"Orgenics, Ltd",SKU0002,"HIV 1/2, Determine Complete HIV Kit, 100 Tests",Determine,100,2730,218400,80,0.8,Inverness Japan,1053,27236.25,360.36
14542,South Africa,PMO - US,Direct Drop,DDP,Air,24-Aug-10,4-Mar-11,ARV,Pediatric,Aurobindo Pharma Limited,SKU0130,"Lamivudine 10mg/ml, oral solution w/syringe, Bottle, 240 ml",Generic,240,6395,19185,3,0.01,"Aurobindo Unit III, India",Weight Captured Separately,Freight Included in Commodity Cost,41.36
14564,South Africa,PMO - US,Direct Drop,DDP,Truck,9-Mar-15,9-Mar-15,ARV,Adult,PHARMACY DIRECT,SKU0014,"Zidovudine 300mg, tablets, 60 Tabs",Generic,60,7,126.22,18.03,0.3,"Aurobindo Unit III, India",Weight Captured Separately,Freight Included in Commodity Cost,0.13
14571,Nigeria,PMO - US,Direct Drop,EXW,Air,28-Nov-12,27-Nov-12,HRDT,HIV test,"Orgenics, Ltd",SKU0002,"HIV 1/2, Determine Complete HIV Kit, 100 Tests",Determine,100,2744,244216,89,0.89,"Alere Medical Co., Ltd.",1303,28734.43,342.39
14578,Haiti,PMO - US,Direct Drop,EXW,Ocean,7-Aug-13,7-Aug-13,ARV,Pediatric,Aurobindo Pharma Limited,SKU0066,"Efavirenz 200mg, capsule, 90 Caps",Generic,90,3680,20240,5.5,0.06,"Aurobindo Unit III, India",6385,8768.76,25.04
14605,Haiti,PMO - US,Direct Drop,EXW,Ocean,7-Aug-13,7-Aug-13,ARV,Adult,HETERO LABS LIMITED,SKU0026,"Efavirenz 600mg, tablets, 30 Tabs",Generic,30,71376,231258.24,3.24,0.11,"Hetero, Jadcherla, unit 5, IN",5864,7558.01,286.07
14628,South Africa,PMO - US,Direct Drop,DDP,Truck,27-Aug-14,27-Aug-14,ARV,Adult,S. BUYS WHOLESALER,SKU0008,"Lopinavir/Ritonavir 200/50mg [Aluvia], tablets, 120 Tabs",Aluvia,120,48,1236.47,25.76,0.21,ABBVIE Ludwigshafen Germany,Weight Captured Separately,Freight Included in Commodity Cost,1.53
14658,Zambia,PMO - US,Direct Drop,FCA,Air,25-Apr-15,25-Apr-15,ARV,Pediatric,ABBVIE LOGISTICS (FORMERLY ABBOTT LOGISTICS BV),SKU0042,"Lopinavir/Ritonavir 80/20mg/ml [Kaletra], oral solution, cool, Bottle 5 x 60 ml",Kaletra,300,2265,69807.3,30.82,0.1,ABBVIE (Abbott) Logis. UK,2272,14603.71,71.76
14665,Haiti,PMO - US,Direct Drop,EXW,Air,13-Sep-10,13-Sep-10,HRDT,HIV test,"Orgenics, Ltd",SKU0017,"HIV 1/2, Determine HIV Kit, without Lancets, 100 Tests",Determine,100,1000,97680,97.68,0.98,Inverness Japan,227,2486.62,210.6
14694,Côte d'Ivoire,PMO - US,Direct Drop,CIP,Air,8-Sep-10,8-Sep-10,ARV,Pediatric,BRISTOL-MYERS SQUIBB,SKU0046,"Didanosine 50mg [Videx], chewable tablets, 60 Tabs",Videx,60,6000,57000,9.5,0.16,"BMS Meymac, France",1278,1742.12,122.89
14710,Haiti,PMO - US,Direct Drop,EXW,Air,12-Sep-14,12-Sep-14,ARV,Adult,MICRO LABS LIMITED,SKU0026,"Efavirenz 600mg, tablets, 30 Tabs",Generic,30,29908,89125.84,2.98,0.1,"Micro labs, Verna, Goa, India",2423,14650.41,91.62
14743,South Africa,PMO - US,Direct Drop,DDP,Ocean,4-Mar-11,4-Mar-11,ARV,Adult,Aurobindo Pharma Limited,SKU0014,"Zidovudine 300mg, tablets, 60 Tabs",Generic,60,87500,641375,7.33,0.12,"Aurobindo Unit III, India",4416,7334.83,1382.8
14785,Côte d'Ivoire,PMO - US,Direct Drop,EXW,Air,8-Aug-13,8-Aug-13,HRDT,HIV test,"Orgenics, Ltd",SKU0002,"HIV 1/2, Determine Complete HIV Kit, 100 Tests",Determine,100,3200,256000,80,0.8,"Alere Medical Co., Ltd.",1394,20822.73,316.67
14803,Rwanda,PMO - US,Direct Drop,EXW,Air,6-May-14,6-May-14,ARV,Pediatric,Aurobindo Pharma Limited,SKU0126,"Nevirapine 10mg/ml, oral suspension w/syringe, Bottle, 240 ml",Generic,240,9720,14677.2,1.51,0.01,"Aurobindo Unit III, India",4365,Freight Included in Commodity Cost,15.09
14811,Rwanda,PMO - US,Direct Drop,EXW,Air,28-Apr-14,28-Apr-14,HRDT,HIV test,"SHANGHAI KEHUA BIOENGINEERING CO.,LTD.  (KHB)",SKU0063,"HIV 1/2, SKB Colloidal Gold, Diagnostic Kit, Antibody, 50 Tests",Colloidal Gold,1,4068,99666,24.5,24.5,"KHB Test Kit Facility, Shanghai China",2712,37680.04,102.46
14820,Pakistan,PMO - US,Direct Drop,EXW,Air,29-Jun-12,29-Jun-12,HRDT,HIV test,"Orgenics, Ltd",SKU0002,"HIV 1/2, Determine Complete HIV Kit, 100 Tests",Determine,100,2132,170560,80,0.8,"Alere Medical Co., Ltd.",1017,14959.84,239.13
14846,"Congo, DRC",PMO - US,Direct Drop,FCA,Air,16-Apr-13,16-Apr-13,ARV,Pediatric,ABBVIE LOGISTICS (FORMERLY ABBOTT LOGISTICS BV),SKU0042,"Lopinavir/Ritonavir 80/20mg/ml [Kaletra], oral solution, cool, Bottle 5 x 60 ml",Kaletra,300,60,1849.2,30.82,0.1,ABBVIE (Abbott) Logis. UK,113,2570.86,2.29
14871,Vietnam,PMO - US,Direct Drop,EXW,Air,13-Mar-13,13-Mar-13,ARV,Pediatric,MYLAN LABORATORIES LTD (FORMERLY MATRIX LABORATORIES),SKU0131,"Lamivudine/Zidovudine 30/60mg, tablets, 60 Tabs",Generic,60,1769,3714.9,2.1,0.04,Mylan (formerly Matrix) Nashik,1961,7308.37,4.6
14874,South Africa,PMO - US,Direct Drop,DDP,Air,6-Oct-10,6-Oct-10,ARV,Pediatric,ASPEN PHARMACARE,SKU0087,"Abacavir 20mg/ml [Ziagen], oral solution, Bottle, 240 ml",Ziagen,240,26000,392080,15.08,0.06,GSK Mississauga (Canada),Weight Captured Separately,7707.42,845.32
14929,South Africa,PMO - US,Direct Drop,DDP,Truck,15-Jul-15,15-Jul-15,ARV,Adult,PHARMACY DIRECT,SKU0132,"Efavirenz/Emtricitabine/Tenofovir Disoproxil Fumarate 600/200/300mg, tablets, 30 Tabs",Generic,30,9,342.83,38.09,1.27,Mylan (formerly Matrix) Nashik,Weight Captured Separately,Freight Included in Commodity Cost,0.4
14931,Rwanda,PMO - US,Direct Drop,FCA,Air,12-May-15,12-May-15,ARV,Pediatric,SWORDS LABORATORIES,SKU0133,"Atazanavir 200mg [Reyataz], capsules, 60 Caps",Reyataz,60,1080,43869.6,40.62,0.68,Bristol-Myers Squibb Anagni IT,282,1028.1,45.1
14941,Tanzania,PMO - US,Direct Drop,EXW,Air,22-Oct-10,22-Oct-10,ARV,Adult,MYLAN LABORATORIES LTD (FORMERLY MATRIX LABORATORIES),SKU0132,"Efavirenz/Emtricitabine/Tenofovir Disoproxil Fumarate 600/200/300mg, tablets, 30 Tabs",Generic,30,9000,179100,19.9,0.66,Mylan (formerly Matrix) Nashik,1081,5834.1,386.14
14943,Uganda,PMO - US,Direct Drop,CIP,Air,4-Mar-10,4-Mar-10,ARV,Adult,MERCK SHARP & DOHME IDEA GMBH (FORMALLY MERCK SHARP & DOHME B.V.),SKU0094,"Indinavir 400mg [Crixivan], capsules, 180 Caps",Crixivan,180,75,3750,50,0.28,"MSD, Haarlem, NL",19,435,7.35
14970,Haiti,PMO - US,Direct Drop,CIP,Air,5-Aug-10,5-Aug-10,ARV,Pediatric,BRISTOL-MYERS SQUIBB,SKU0015,"Didanosine 2g [Videx], powder for oral solution 10mg/ml, reconstitute to 200 ml",Videx,200,192,2417.28,12.59,0.06,"BMS Meymac, France",Weight Captured Separately,Freight Included in Commodity Cost,5.21
14988,South Sudan,PMO - US,Direct Drop,EXW,Air,15-Jun-12,15-Jun-12,HRDT,HIV test,"Orgenics, Ltd",SKU0002,"HIV 1/2, Determine Complete HIV Kit, 100 Tests",Determine,100,337,29993,89,0.89,"Alere Medical Co., Ltd.",181,4978.09,42.05
15004,South Africa,PMO - US,Direct Drop,DDP,Truck,5-Aug-09,5-Aug-09,ARV,Pediatric,S. BUYS WHOLESALER,SKU0087,"Abacavir 20mg/ml [Ziagen], oral solution, Bottle, 240 ml",Ziagen,240,599,11964.63,19.97,0.08,GSK Mississauga (Canada),Weight Captured Separately,Freight Included in Commodity Cost,23.45
15005,Nigeria,PMO - US,Direct Drop,EXW,Air,18-Sep-12,18-Sep-12,HRDT,HIV test,"Trinity Biotech, Plc",SKU0009,"HIV 1/2, Uni-Gold HIV Kit, 20 Tests",Uni-Gold,20,8018,256576,32,1.6,"Trinity Biotech, Plc",2607,28595.45,359.72
15011,Rwanda,PMO - US,Direct Drop,CIP,Air,12-Dec-10,12-Dec-10,ARV,Adult,MYLAN LABORATORIES LTD (FORMERLY MATRIX LABORATORIES),SKU0113,"Efavirenz/Lamivudine/Tenofovir Disoproxil Fumarate 600/300/300mg, tablets, 30 Tabs",Generic,30,9653,168734.44,17.48,0.58,Mylan (formerly Matrix) Nashik,Weight Captured Separately,Freight Included in Commodity Cost,363.79
15012,South Africa,PMO - US,Direct Drop,DDP,Ocean,15-Aug-11,15-Aug-11,ARV,Adult,Aurobindo Pharma Limited,SKU0014,"Zidovudine 300mg, tablets, 60 Tabs",Generic,60,2452,17899.6,7.3,0.12,"Aurobindo Unit III, India",127,47101.63,29.53
15046,South Africa,PMO - US,Direct Drop,DDP,Truck,24-Aug-15,24-Aug-15,ARV,Adult,PHARMACY DIRECT,SKU0069,"Didanosine 250mg, delayed-release capsules, 30 Caps",Generic,30,6,71.03,11.84,0.39,"Aurobindo Unit III, India",Weight Captured Separately,Freight Included in Commodity Cost,0.07
15051,Guyana,PMO - US,Direct Drop,EXW,Air,25-Sep-12,25-Sep-12,HRDT,HIV test,"Trinity Biotech, Plc",SKU0009,"HIV 1/2, Uni-Gold HIV Kit, 20 Tests",Uni-Gold,20,2769,88608,32,1.6,"Trinity Biotech, Plc",876,8969.97,124.23
15115,"Congo, DRC",PMO - US,Direct Drop,EXW,Air,5-Sep-14,5-Sep-14,HRDT,HIV test,"Trinity Biotech, Plc",SKU0009,"HIV 1/2, Uni-Gold HIV Kit, 20 Tests",Uni-Gold,20,34,1088,32,1.6,"Trinity Biotech, Plc",112,3196.31,1.12
15131,Zambia,PMO - US,Direct Drop,EXW,Air,11-Sep-13,11-Sep-13,HRDT,HIV test,"Orgenics, Ltd",SKU0002,"HIV 1/2, Determine Complete HIV Kit, 100 Tests",Determine,100,6000,480000,80,0.8,"Alere Medical Co., Ltd.",2606,38354.26,593.76
15142,South Africa,PMO - US,Direct Drop,DDP,Air,7-Sep-10,7-Sep-10,ARV,Adult,Aurobindo Pharma Limited,SKU0026,"Efavirenz 600mg, tablets, 30 Tabs",Generic,30,11510,53751.7,4.67,0.16,"Aurobindo Unit III, India",993,4263.07,115.89
15149,Vietnam,PMO - US,Direct Drop,EXW,Air,22-Jun-11,22-Jun-11,ARV,Adult,MYLAN LABORATORIES LTD (FORMERLY MATRIX LABORATORIES),SKU0003,"Lamivudine 150mg, tablets, 60 Tabs",Generic,60,20000,40000,2,0.03,Mylan (formerly Matrix) Nashik,2806,18207.5,66
15176,South Africa,PMO - US,Direct Drop,DDP,Ocean,12-Oct-10,15-Dec-10,ARV,Adult,Aurobindo Pharma Limited,SKU0026,"Efavirenz 600mg, tablets, 30 Tabs",Generic,30,12000,54120,4.51,0.15,"Aurobindo Unit III, India",Weight Captured Separately,Freight Included in Commodity Cost,116.68
15195,Guyana,PMO - US,Direct Drop,DDU,Air,4-Mar-11,4-Mar-11,ARV,Pediatric,IDIS LIMITED,SKU0028,"Didanosine 25mg [Videx], chewable tablets, 60 Tabs",Videx,60,270,12501,46.3,0.77,"BMS Meymac, France",59,180,26.95
15240,Haiti,PMO - US,Direct Drop,EXW,Air,18-Jul-14,18-Jul-14,ARV,Pediatric,Aurobindo Pharma Limited,SKU0071,"Abacavir 20mg/ml, oral solution, Bottle, 240 ml",Generic,240,375,2561.25,6.83,0.03,"Aurobindo Unit III, India",300,2949.23,2.63
15241,South Africa,South Africa Field Office,Direct Drop,DDP,Truck,16-Apr-13,16-Apr-13,ARV,Adult,S. BUYS WHOLESALER,SKU0026,"Efavirenz 600mg, tablets, 30 Tabs",Generic,30,1368,21995.87,16.08,0.54,"Cipla, Goa, India",Weight Captured Separately,Freight Included in Commodity Cost,27.21
15248,Vietnam,PMO - US,Direct Drop,EXW,Air,15-Mar-10,15-Mar-10,ARV,Adult,Aurobindo Pharma Limited,SKU0054,"Lamivudine/Nevirapine/Zidovudine 150/200/300mg, tablets, 60 Tabs",Generic,60,16300,181745,11.15,0.19,"Aurobindo Unit III, India",2011,11648.31,356.22
15283,Nigeria,PMO - US,Direct Drop,EXW,Air,19-Jul-11,19-Jul-11,HRDT,HIV test,"Trinity Biotech, Plc",SKU0009,"HIV 1/2, Uni-Gold HIV Kit, 20 Tests",Uni-Gold,20,3662,117184,32,1.6,"Trinity Biotech, Plc",1255,15794.47,193.35
15298,South Africa,PMO - US,Direct Drop,DDP,Truck,12-May-15,12-May-15,ARV,Adult,PHARMACY DIRECT,SKU0134,"Didanosine 400mg, delayed-release capsules, 30 Caps",Generic,30,7,99.53,14.22,0.47,"Aurobindo Unit III, India",Weight Captured Separately,Freight Included in Commodity Cost,0.1
15352,Vietnam,PMO - US,Direct Drop,EXW,Air,29-Jan-13,29-Jan-13,ARV,Pediatric,Aurobindo Pharma Limited,SKU0130,"Lamivudine 10mg/ml, oral solution w/syringe, Bottle, 240 ml",Generic,240,464,858.4,1.85,0.01,"Aurobindo Unit III, India",437,1222.31,1.06
15382,Mali,PMO - US,Direct Drop,EXW,Air,11-Jun-13,11-Jun-13,HRDT,HIV test,"Orgenics, Ltd",SKU0002,"HIV 1/2, Determine Complete HIV Kit, 100 Tests",Determine,100,81,6480,80,0.8,"Alere Medical Co., Ltd.",37,2190.78,8.02
15399,Nigeria,PMO - US,Direct Drop,EXW,Air,17-Dec-13,17-Dec-13,ARV,Adult,MYLAN LABORATORIES LTD (FORMERLY MATRIX LABORATORIES),SKU0014,"Zidovudine 300mg, tablets, 60 Tabs",Generic,60,10000,65000,6.5,0.11,Mylan (formerly Matrix) Nashik,574,4760.43,66.82
15405,Rwanda,PMO - US,Direct Drop,CIP,Air,7-Jan-11,7-Jan-11,ARV,Adult,CIPLA LIMITED,SKU0135,"Lopinavir/Ritonavir 200/50mg, tablets, 120 Tabs",Generic,120,1202,41228.6,34.3,0.29,Cipla Ltd A-42 MIDC Mahar. IN,Weight Captured Separately,Freight Included in Commodity Cost,88.89
15423,Côte d'Ivoire,PMO - US,Direct Drop,EXW,Air,23-Jan-14,23-Jan-14,HRDT,HIV test,"Orgenics, Ltd",SKU0002,"HIV 1/2, Determine Complete HIV Kit, 100 Tests",Determine,100,1400,112000,80,0.8,"Alere Medical Co., Ltd.",577,9275.59,138.54
15460,Haiti,PMO - US,Direct Drop,EXW,Ocean,9-Apr-15,9-Apr-15,ARV,Adult,HETERO LABS LIMITED,SKU0107,"Lamivudine/Tenofovir Disoproxil Fumarate 300/300mg, tablets, 30 Tabs",Generic,30,36831,170159.22,4.62,0.15,Hetero Unit III Hyderabad IN,17826,20526.23,174.92
15499,Tanzania,PMO - US,Direct Drop,EXW,Air,30-Apr-13,30-Apr-13,HRDT,HIV test,"Trinity Biotech, Plc",SKU0009,"HIV 1/2, Uni-Gold HIV Kit, 20 Tests",Uni-Gold,20,8460,270720,32,1.6,"Trinity Biotech, Plc",2753,25485.81,334.88
15554,South Africa,PMO - US,Direct Drop,DDP,Air,13-Dec-10,11-Dec-10,ARV,Pediatric,Aurobindo Pharma Limited,SKU0126,"Nevirapine 10mg/ml, oral suspension w/syringe, Bottle, 240 ml",Generic,240,2162,6810.3,3.15,0.01,"Aurobindo Unit III, India",838,4876.31,14.68
15596,Zimbabwe,PMO - US,Direct Drop,EXW,Air,20-Mar-12,20-Mar-12,HRDT,HIV test,"Orgenics, Ltd",SKU0002,"HIV 1/2, Determine Complete HIV Kit, 100 Tests",Determine,100,2342,187360,80,0.8,Inverness Japan,1113,20082.38,309.14
15619,South Africa,PMO - US,Direct Drop,DDP,Truck,27-Aug-14,27-Aug-14,ARV,Adult,S. BUYS WHOLESALER,SKU0026,"Efavirenz 600mg, tablets, 30 Tabs",Generic,30,115,1923.5,16.73,0.56,Hetero Unit III Hyderabad IN,Weight Captured Separately,Freight Included in Commodity Cost,2.38
15625,Mozambique,PMO - US,Direct Drop,EXW,Air,10-Sep-14,10-Sep-14,HRDT,HIV test,"Orgenics, Ltd",SKU0002,"HIV 1/2, Determine Complete HIV Kit, 100 Tests",Determine,100,4708,376640,80,0.8,"Alere Medical Co., Ltd.",1914,13489.96,387.19
15642,Rwanda,PMO - US,Direct Drop,CIP,Air,9-Feb-11,9-Feb-11,ARV,Adult,CIPLA LIMITED,SKU0135,"Lopinavir/Ritonavir 200/50mg, tablets, 120 Tabs",Generic,120,2486,85269.8,34.3,0.29,Cipla Ltd A-42 MIDC Mahar. IN,4354,Freight Included in Commodity Cost,183.84
15643,Nigeria,PMO - US,Direct Drop,EXW,Air,13-Dec-11,13-Dec-11,HRDT,HIV test,"Trinity Biotech, Plc",SKU0009,"HIV 1/2, Uni-Gold HIV Kit, 20 Tests",Uni-Gold,20,2000,64000,32,1.6,"Trinity Biotech, Plc",793,7938.18,105.6
15656,Cameroon,PMO - US,Direct Drop,CIP,Air,26-Aug-15,26-Aug-15,ARV,Adult,MERCK SHARP & DOHME IDEA GMBH (FORMALLY MERCK SHARP & DOHME B.V.),SKU0129,"Raltegravir 400mg [Isentress], tablets, 60 Tabs",Isentress,60,120,6660,55.5,0.92,"MSD, Haarlem, NL",Weight Captured Separately,Freight Included in Commodity Cost,7.84
15670,Cameroon,PMO - US,Direct Drop,EXW,Air,18-Oct-13,26-Oct-13,ARV,Adult,Aurobindo Pharma Limited,SKU0007,"Nevirapine 200mg, tablets, 60 Tabs",Generic,60,34595,77838.75,2.25,0.04,"Aurobindo Unit III, India",3642,31434.31,96.29
15687,South Africa,PMO - US,Direct Drop,DDP,Air,24-Aug-10,24-Aug-10,ARV,Pediatric,Aurobindo Pharma Limited,SKU0130,"Lamivudine 10mg/ml, oral solution w/syringe, Bottle, 240 ml",Generic,240,8474,25422,3,0.01,"Aurobindo Unit III, India",3206,2154.51,54.81
15695,Ethiopia,PMO - US,Direct Drop,EXW,Air,9-Feb-10,9-Feb-10,ARV,Adult,STRIDES ARCOLAB LIMITED,SKU0104,"Lamivudine/Stavudine 150/30mg, tablets, 60 Tabs",Generic,60,71596,241278.52,3.37,0.06,"Strides, Bangalore, India.",3652,15236.52,520.2
15726,Rwanda,PMO - US,Direct Drop,EXW,Air,7-Aug-12,7-Aug-12,ARV,Adult,MYLAN LABORATORIES LTD (FORMERLY MATRIX LABORATORIES),SKU0058,"Abacavir 300mg, tablets, 60 Tabs",Generic,60,46530,581159.7,12.49,0.21,Mylan (formerly Matrix) Nashik,4810,27894.81,814.79
15727,Nigeria,PMO - US,Direct Drop,EXW,Air,23-Sep-11,23-Sep-11,ACT,ACT,NOVARTIS PHARMA SERVICES AG,SKU0128,"Artemether/Lumefantrine 20/120mg [Coartem], scored tablets, Blister 30 x 24 Tabs",Coartem,720,1000,39000,39,0.05,"Novartis Pharma Suffern, USA",711,5433.21,64.35
15738,Vietnam,PMO - US,Direct Drop,FCA,Air,15-Jul-15,15-Jul-15,ARV,Adult,ABBVIE LOGISTICS (FORMERLY ABBOTT LOGISTICS BV),SKU0118,"Ritonavir 100mg [Norvir], film coated tablets, 30 Tabs",Norvir,30,400,9304,23.26,0.78,ABBVIE Ludwigshafen Germany,40,642.45,10.95
15751,"Congo, DRC",PMO - US,Direct Drop,EXW,Air,23-Jul-15,23-Jul-15,HRDT,HIV test,"Orgenics, Ltd",SKU0002,"HIV 1/2, Determine Complete HIV Kit, 100 Tests",Determine,100,228,18240,80,0.8,"Alere Medical Co., Ltd.",See ASN-32231 (ID#:13648),See ASN-32231 (ID#:13648),21.47
15772,Vietnam,PMO - US,Direct Drop,EXW,Air,1-Mar-12,1-Mar-12,ARV,Adult,Aurobindo Pharma Limited,SKU0054,"Lamivudine/Nevirapine/Zidovudine 150/200/300mg, tablets, 60 Tabs",Generic,60,30000,313500,10.45,0.17,"Aurobindo Unit III, India",10210,17392.05,517.28
15778,Tanzania,PMO - US,Direct Drop,EXW,Air,10-Apr-13,10-Apr-13,HRDT,HIV test,"Orgenics, Ltd",SKU0002,"HIV 1/2, Determine Complete HIV Kit, 100 Tests",Determine,100,218,17440,80,0.8,"Alere Medical Co., Ltd.",91,2082.39,21.57
15788,South Sudan,PMO - US,Direct Drop,EXW,Air,2-Jul-15,2-Jul-15,HRDT,HIV test - Ancillary,"Orgenics, Ltd",SKU0136,"Chase Buffer, Determine, 100 Tests, 2.5ml x 1 Vial",Determine,1,45,225,5,5,"Alere Medical Co., Ltd.",Weight Captured Separately,Invoiced Separately,0.26
15795,South Africa,PMO - US,Direct Drop,DDP,Truck,28-Nov-14,28-Nov-14,ARV,Adult,PHARMACY DIRECT,SKU0014,"Zidovudine 300mg, tablets, 60 Tabs",Generic,60,12,216.37,18.03,0.3,"Aurobindo Unit III, India",Weight Captured Separately,Freight Included in Commodity Cost,0.22
15804,Mali,PMO - US,Direct Drop,EXW,Air,3-Jul-13,3-Jul-13,HRDT,HIV test,"Orgenics, Ltd",SKU0055,"HIV 1/2, Clearview Complete Kit, 25 Tests",Clearview,25,20,1900,95,3.8,Chembio Diagnostics Sys. Inc.,9,779.06,2.35
15813,Mozambique,PMO - US,Direct Drop,EXW,Air,2-May-14,2-May-14,ARV,Adult,HETERO LABS LIMITED,SKU0054,"Lamivudine/Nevirapine/Zidovudine 150/200/300mg, tablets, 60 Tabs",Generic,60,23040,186854.4,8.11,0.14,Hetero Unit III Hyderabad IN,3138,16537.12,192.09
15815,South Africa,PMO - US,Direct Drop,DDP,Truck,19-Oct-09,19-Oct-09,ARV,Pediatric,S. BUYS WHOLESALER,SKU0023,"Stavudine 1mg/ml [Zerit], powder for oral solution, Bottle, 200 ml",Zerit,200,2200,3914.05,1.78,0.01,"BMS Meymac, France",Weight Captured Separately,Freight Included in Commodity Cost,7.67
15825,Tanzania,PMO - US,Direct Drop,EXW,Air,24-Aug-15,24-Aug-15,HRDT,HIV test,"Trinity Biotech, Plc",SKU0009,"HIV 1/2, Uni-Gold HIV Kit, 20 Tests",Uni-Gold,20,400,12800,32,1.6,"Trinity Biotech, Plc",Weight Captured Separately,Invoiced Separately,15.07
15867,Rwanda,PMO - US,Direct Drop,EXW,Air,24-Jan-12,26-Jan-12,ARV,Adult,Aurobindo Pharma Limited,SKU0107,"Lamivudine/Tenofovir Disoproxil Fumarate 300/300mg, tablets, 30 Tabs",Generic,30,41286,220880.1,5.35,0.18,"Aurobindo Unit VII, IN",4027,28833.91,309.67
15879,Rwanda,PMO - US,Direct Drop,EXW,Ocean,27-Apr-11,27-Apr-11,ARV,Adult,MYLAN LABORATORIES LTD (FORMERLY MATRIX LABORATORIES),SKU0107,"Lamivudine/Tenofovir Disoproxil Fumarate 300/300mg, tablets, 30 Tabs",Generic,30,117359,997551.5,8.5,0.28,Mylan (formerly Matrix) Nashik,10329,32530.22,2150.72
15894,Vietnam,PMO - US,Direct Drop,EXW,Air,23-Aug-10,23-Aug-10,ARV,Adult,Aurobindo Pharma Limited,SKU0054,"Lamivudine/Nevirapine/Zidovudine 150/200/300mg, tablets, 60 Tabs",Generic,60,20500,228575,11.15,0.19,"Aurobindo Unit III, India",2904,14223.39,448.01
15909,South Africa,PMO - US,Direct Drop,DDP,Truck,14-Sep-09,9-Oct-09,ARV,Adult,S. BUYS WHOLESALER,SKU0026,"Efavirenz 600mg, tablets, 30 Tabs",Generic,30,9612,183096.09,19.05,0.64,"Cipla, Goa, India",Weight Captured Separately,Freight Included in Commodity Cost,358.87
15930,Zambia,PMO - US,Direct Drop,EXW,Air,16-Mar-10,16-Mar-10,HRDT,HIV test,"Trinity Biotech, Plc",SKU0009,"HIV 1/2, Uni-Gold HIV Kit, 20 Tests",Uni-Gold,20,5264,168448,32,1.6,"Trinity Biotech, Plc",1826,16438.26,363.17
15946,Ethiopia,PMO - US,Direct Drop,EXW,Air,14-Feb-11,14-Feb-11,ARV,Adult,Aurobindo Pharma Limited,SKU0069,"Didanosine 250mg, delayed-release capsules, 30 Caps",Generic,30,2600,33800,13,0.43,"Aurobindo Unit III, India",236,1131.48,72.87
15984,South Africa,PMO - US,Direct Drop,DDP,Ocean,8-Apr-11,8-Apr-11,ARV,Adult,CIPLA LIMITED,SKU0029,"Tenofovir Disoproxil Fumarate 300mg, tablets, 30 Tabs",Generic,30,137654,944306.44,6.86,0.23,"Cipla, Goa, India",9147,11314.2,1558.11
15994,Haiti,PMO - US,Direct Drop,EXW,Air,14-Jul-14,14-Jul-14,ARV,Pediatric,Aurobindo Pharma Limited,SKU0126,"Nevirapine 10mg/ml, oral suspension w/syringe, Bottle, 240 ml",Generic,240,705,1064.55,1.51,0.01,"Aurobindo Unit III, India",346,3429.78,1.09
15999,Tanzania,PMO - US,Direct Drop,EXW,Air,24-Sep-13,24-Sep-13,ARV,Adult,Aurobindo Pharma Limited,SKU0054,"Lamivudine/Nevirapine/Zidovudine 150/200/300mg, tablets, 60 Tabs",Generic,60,36426,296143.38,8.13,0.14,"Aurobindo Unit III, India",4609,17581.92,366.33
16044,Côte d'Ivoire,PMO - US,Direct Drop,EXW,Air,6-Feb-12,6-Feb-12,HRDT,HIV test,"CHEMBIO DIAGNOSTIC SYSTEMS, INC.",SKU0016,"HIV 1/2, Stat-Pak HIV, Kit, 20 Tests",Stat-Pak,20,1129,32741,29,1.45,Chembio Diagnostics Sys. Inc.,328,4420.31,54.02
16053,Vietnam,PMO - US,Direct Drop,EXW,Air,23-Apr-14,23-Apr-14,ARV,Adult,HETERO LABS LIMITED,SKU0003,"Lamivudine 150mg, tablets, 60 Tabs",Generic,60,14011,25920.35,1.85,0.03,Hetero Unit III Hyderabad IN,1953,3658.08,32.06
16071,Nigeria,PMO - US,Direct Drop,EXW,Air,9-Jan-13,26-Feb-13,HRDT,HIV test,"Orgenics, Ltd",SKU0002,"HIV 1/2, Determine Complete HIV Kit, 100 Tests",Determine,100,1859,165451,89,0.89,"Alere Medical Co., Ltd.",840,Freight Included in Commodity Cost,231.96
16084,South Africa,PMO - US,Direct Drop,DDP,Truck,9-Mar-15,9-Mar-15,ARV,Adult,PHARMACY DIRECT,SKU0069,"Didanosine 250mg, delayed-release capsules, 30 Caps",Generic,30,1,11.02,11.02,0.37,"Aurobindo Unit III, India",Weight Captured Separately,Freight Included in Commodity Cost,0.01
16085,Haiti,PMO - US,Direct Drop,EXW,Air,18-Jan-12,18-Jan-12,ANTM,Malaria,AMSTELFARMA B.V.,SKU0137,"Mefloquine 250mg (as hydrochloride), tablets, 100 Tabs",Generic,100,100,8905,89.05,0.89,"Medochemie Factory A, CY",1173,7019.07,12.48
16097,Tanzania,PMO - US,Direct Drop,CIP,Air,27-Nov-09,27-Nov-09,ARV,Adult,BRISTOL-MYERS SQUIBB,SKU0031,"Didanosine EC 250mg [Videx EC], delayed-release capsules, Blister 3 x 10 Caps",Videx EC,30,18544,340096.96,18.34,0.61,"BMS Meymac, France",1478,1312.2,666.59
16098,Haiti,PMO - US,Direct Drop,EXW,Ocean,3-Jul-15,3-Jul-15,ARV,Pediatric,MYLAN LABORATORIES LTD (FORMERLY MATRIX LABORATORIES),SKU0138,"Abacavir/Lamivudine 60/30mg, tablets, 60 Tabs",Generic,60,3300,13035,3.95,0.07,Mylan (formerly Matrix) Nashik,16350,16028.78,13.4
16099,South Africa,PMO - US,Direct Drop,DDP,Ocean,1-Feb-11,3-May-11,ARV,Pediatric,Aurobindo Pharma Limited,SKU0066,"Efavirenz 200mg, capsule, 90 Caps",Generic,90,1515,15119.7,9.98,0.11,"Aurobindo Unit III, India",201,4134.92,32.6
16104,Ethiopia,PMO - US,Direct Drop,EXW,Air,31-Oct-11,31-Oct-11,ARV,Adult,Aurobindo Pharma Limited,SKU0134,"Didanosine 400mg, delayed-release capsules, 30 Caps",Generic,30,2225,44500,20,0.67,"Aurobindo Unit III, India",174,2052.97,73.42
16173,Tanzania,PMO - US,Direct Drop,FCA,Air,29-Mar-12,29-Mar-12,ARV,Pediatric,LAWRENCE LABORATORIES (SUBSIDIARY OF BRISTOL MYERS SQUIBB),SKU0040,"Didanosine 100mg [Videx],chewable tablets, 60 Tabs",Videx,60,4132,52683,12.75,0.21,Bristol-Myers Squibb Anagni IT,1598,12689.71,86.93
16186,Vietnam,PMO - US,Direct Drop,EXW,Air,16-May-13,16-May-13,ARV,Adult,STRIDES ARCOLAB LIMITED,SKU0054,"Lamivudine/Nevirapine/Zidovudine 150/200/300mg, tablets, 60 Tabs",Generic,60,21858,184044.36,8.42,0.14,"Strides, Bangalore, India.",2777,4461.72,227.66
16213,Burundi,PMO - US,Direct Drop,EXW,Air,26-Sep-14,26-Sep-14,HRDT,HIV test,"CHEMBIO DIAGNOSTIC SYSTEMS, INC.",SKU0111,"HIV 1/2, Stat-Pak Dipstick Assay Kit, 30 Tests",Stat-Pak,30,414,11426.4,27.6,0.92,Chembio Diagnostics Sys. Inc.,44,694.1,11.75
16231,Tanzania,PMO - US,Direct Drop,EXW,Air,14-Jul-11,14-Jul-11,HRDT,HIV test,"Standard Diagnostics, Inc.",SKU0019,"HIV 1/2, Bioline 3.0 Kit, Lancets, Capillary pipets, Alcohol swabs included, 25 Tests",Bioline,25,10000,200000,20,0.8,"Standard Diagnostics, Korea",3335,23616.68,330
16232,Haiti,PMO - US,Direct Drop,EXW,Air,22-Apr-12,22-Apr-12,ARV,Pediatric,Aurobindo Pharma Limited,SKU0120,"Nevirapine 50mg, dispersible tablets (tablets for oral suspension), 30 Tabs",Generic,30,2894,3617.5,1.25,0.04,"Aurobindo Unit III, India",1486,12749.39,5.07
16236,Ethiopia,PMO - US,Direct Drop,EXW,Air,29-Jul-14,29-Jul-14,HRDT,HIV test,"CHEMBIO DIAGNOSTIC SYSTEMS, INC.",SKU0016,"HIV 1/2, Stat-Pak HIV, Kit, 20 Tests",Stat-Pak,20,679,22067.5,32.5,1.62,Chembio Diagnostics Sys. Inc.,195,2211.04,22.69
16255,Kenya,PMO - US,Direct Drop,EXW,Air,9-Jul-12,9-Jul-12,HRDT,HIV test,"Orgenics, Ltd",SKU0002,"HIV 1/2, Determine Complete HIV Kit, 100 Tests",Determine,100,7999,711911,89,0.89,"Alere Medical Co., Ltd.",1378,14842.19,998.1
16277,Ethiopia,PMO - US,Direct Drop,EXW,Air,25-Apr-12,25-Apr-12,HRDT,HIV test,"Trinity Biotech, Plc",SKU0009,"HIV 1/2, Uni-Gold HIV Kit, 20 Tests",Uni-Gold,20,26,832,32,1.6,"Trinity Biotech, Plc",17,334.65,1.17
16766,Rwanda,PMO - US,Direct Drop,CIP,Air,23-Nov-09,23-Nov-09,ARV,Adult,HETERO LABS LIMITED,SKU0007,"Nevirapine 200mg, tablets, 60 Tabs",Generic,60,29925,92468.25,3.09,0.05,Hetero Unit III Hyderabad IN,1041,730.82,181.24
16291,Dominican Republic,PMO - US,Direct Drop,EXW,Air,27-Oct-11,27-Oct-11,HRDT,HIV test,"Orgenics, Ltd",SKU0002,"HIV 1/2, Determine Complete HIV Kit, 100 Tests",Determine,100,2772,255024,92,0.92,Inverness Japan,Weight Captured Separately,Invoiced Separately,420.79
16379,South Africa,PMO - US,Direct Drop,DDP,Truck,24-Jul-15,24-Jul-15,ARV,Adult,PHARMACY DIRECT,SKU0115,"Etravirine 100mg [Intelence], tablets, 120 Tabs",Intelence,120,27,742.84,27.51,0.23,"Janssen-Cilag, Latina, IT",Weight Captured Separately,Freight Included in Commodity Cost,0.76
16391,South Sudan,PMO - US,Direct Drop,EXW,Air,2-Jul-15,7-Jul-15,HRDT,HIV test,"Orgenics, Ltd",SKU0002,"HIV 1/2, Determine Complete HIV Kit, 100 Tests",Determine,100,100,8900,89,0.89,"Alere Medical Co., Ltd.",Weight Captured Separately,Invoiced Separately,10.48
16398,Rwanda,PMO - US,Direct Drop,EXW,Ocean,13-Dec-11,13-Dec-11,ARV,Adult,CIPLA LIMITED,SKU0135,"Lopinavir/Ritonavir 200/50mg, tablets, 120 Tabs",Generic,120,23240,776216,33.4,0.28,Cipla Ltd A-42 MIDC Mahar. IN,6853,81246.12,1673.52
16462,South Africa,PMO - US,Direct Drop,DDP,Truck,5-Aug-14,5-Aug-14,ARV,Adult,PHARMACY DIRECT,SKU0139,"Darunavir 300mg [Prezista], tablets, 120 Tabs",Prezista,120,36,2509.54,69.71,0.58,"Janssen-Cilag, Latina, IT",Weight Captured Separately,Freight Included in Commodity Cost,2.58
16473,Tanzania,PMO - US,Direct Drop,EXW,Air,14-Jul-11,14-Jul-11,HRDT,HIV test,"Standard Diagnostics, Inc.",SKU0019,"HIV 1/2, Bioline 3.0 Kit, Lancets, Capillary pipets, Alcohol swabs included, 25 Tests",Bioline,25,10000,200000,20,0.8,"Standard Diagnostics, Korea",3335,23650.43,330
16496,Tanzania,PMO - US,Direct Drop,EXW,Air,25-Apr-14,25-Apr-14,ARV,Adult,HETERO LABS LIMITED,SKU0014,"Zidovudine 300mg, tablets, 60 Tabs",Generic,60,63200,347600,5.5,0.09,Hetero Unit III Hyderabad IN,4007,23397.41,357.33
16504,South Africa,PMO - US,Direct Drop,DDP,Ocean,12-Jan-12,27-Jan-12,ARV,Adult,CIPLA LIMITED,SKU0007,"Nevirapine 200mg, tablets, 60 Tabs",Generic,60,37870,103006.4,2.72,0.05,"Cipla, Goa, India",4121,4957.81,169.96
16513,Haiti,PMO - US,Direct Drop,EXW,Ocean,9-May-14,9-May-14,ARV,Pediatric,MYLAN LABORATORIES LTD (FORMERLY MATRIX LABORATORIES),SKU0140,"Lamivudine/Nevirapine/Zidovudine 30/50/60mg, dispersible tablets, 60 Tabs",Generic,60,889,3200.4,3.6,0.06,Mylan (formerly Matrix) Nashik,94,2350.55,3.96
16553,South Africa,PMO - US,Direct Drop,DDP,Truck,19-Oct-09,19-Oct-09,ARV,Pediatric,S. BUYS WHOLESALER,SKU0035,"Nevirapine 10mg/ml [Viramune], oral suspension, Bottle, 240 ml",Viramune,240,220,3442.16,15.65,0.07,Boehringer Ingelheim Roxane US,Weight Captured Separately,Freight Included in Commodity Cost,6.75
16556,Rwanda,PMO - US,Direct Drop,EXW,Air,29-Jun-12,29-Jun-12,ARV,Adult,CIPLA LIMITED,SKU0135,"Lopinavir/Ritonavir 200/50mg, tablets, 120 Tabs",Generic,120,2074,74746.96,36.04,0.3,Cipla Ltd A-42 MIDC Mahar. IN,627,6072.8,104.8
16619,Zambia,PMO - US,Direct Drop,EXW,Air,23-Dec-13,23-Dec-13,ARV,Adult,Aurobindo Pharma Limited,SKU0003,"Lamivudine 150mg, tablets, 60 Tabs",Generic,60,20000,43000,2.15,0.04,"Aurobindo Unit III, India",1044,5145.69,44.2
16656,Vietnam,PMO - US,Direct Drop,FCA,Air,4-Apr-14,4-Apr-14,ARV,Adult,ABBVIE LOGISTICS (FORMERLY ABBOTT LOGISTICS BV),SKU0008,"Lopinavir/Ritonavir 200/50mg [Aluvia], tablets, 120 Tabs",Aluvia,120,1969,119754.58,60.82,0.51,ABBVIE Ludwigshafen Germany,484,1565.1,148.14
16693,Kenya,PMO - US,Direct Drop,FCA,Air,17-May-11,17-May-11,HRDT,HIV test,"Orgenics, Ltd",SKU0002,"HIV 1/2, Determine Complete HIV Kit, 100 Tests",Determine,100,12315,1096035,89,0.89,Inverness Japan,3637,38452.73,1808.46
16707,Kenya,PMO - US,Direct Drop,EXW,Air,29-Jul-10,29-Jul-10,HRDT,HIV test,"Orgenics, Ltd",SKU0002,"HIV 1/2, Determine Complete HIV Kit, 100 Tests",Determine,100,8442,675360,80,0.8,Inverness Japan,1454,13343.23,1456.08
16708,Zambia,PMO - US,Direct Drop,EXW,Air,17-Oct-13,17-Oct-13,ARV,Adult,Aurobindo Pharma Limited,SKU0105,"Emtricitabine/Tenofovir Disoproxil Fumarate 200/300mg, tablets, 30 Tabs",Generic,30,11811,69684.9,5.9,0.2,"Aurobindo Unit III, India",1184,5904.94,86.2
16725,Vietnam,PMO - US,Direct Drop,EXW,Air,22-Aug-12,22-Aug-12,ARV,Pediatric,Aurobindo Pharma Limited,SKU0049,"Efavirenz 50mg, capsule, 30 Caps",Generic,30,3000,6720,2.24,0.07,"Aurobindo Unit III, India",436,1238.16,9.42
16784,Vietnam,PMO - US,Direct Drop,EXW,Air,25-Apr-13,25-Apr-13,ARV,Adult,HETERO LABS LIMITED,SKU0029,"Tenofovir Disoproxil Fumarate 300mg, tablets, 30 Tabs",Generic,30,34640,122972,3.55,0.12,Hetero Unit III Hyderabad IN,2804,9759.55,152.12
16794,Rwanda,PMO - US,Direct Drop,EXW,Air,6-May-14,6-May-14,ARV,Pediatric,Aurobindo Pharma Limited,SKU0126,"Nevirapine 10mg/ml, oral suspension w/syringe, Bottle, 240 ml",Generic,240,9690,14631.9,1.51,0.01,"Aurobindo Unit III, India",3790,66260.33,15.04
16805,Uganda,PMO - US,Direct Drop,EXW,Air,20-Feb-13,20-Feb-13,HRDT,HIV test,"CHEMBIO DIAGNOSTIC SYSTEMS, INC.",SKU0111,"HIV 1/2, Stat-Pak Dipstick Assay Kit, 30 Tests",Stat-Pak,30,1458,40240.8,27.6,0.92,Chembio Diagnostics Sys. Inc.,158,3824.96,49.78
16828,Vietnam,PMO - US,Direct Drop,EXW,Air,29-Mar-10,29-Mar-10,ARV,Adult,MYLAN LABORATORIES LTD (FORMERLY MATRIX LABORATORIES),SKU0058,"Abacavir 300mg, tablets, 60 Tabs",Generic,60,100,1750,17.5,0.29,Mylan (formerly Matrix) Nashik,2128,7784.92,3.77
16848,Côte d'Ivoire,PMO - US,Direct Drop,EXW,Air,14-Mar-14,14-Mar-14,HRDT,HIV test,"Orgenics, Ltd",SKU0002,"HIV 1/2, Determine Complete HIV Kit, 100 Tests",Determine,100,5900,472000,80,0.8,"Alere Medical Co., Ltd.",2393,33029.82,485.22
16881,Haiti,PMO - US,Direct Drop,EXW,Ocean,28-Oct-14,28-Oct-14,ARV,Pediatric,Aurobindo Pharma Limited,SKU0005,"Zidovudine 10mg/ml, oral solution, Bottle, 240 ml",Generic,240,2040,4080,2,0.01,"Aurobindo Unit III, India",Weight Captured Separately,Invoiced Separately,4.19
16901,Vietnam,PMO - US,Direct Drop,EXW,Air,18-Feb-12,18-Feb-12,ARV,Adult,Aurobindo Pharma Limited,SKU0058,"Abacavir 300mg, tablets, 60 Tabs",Generic,60,112,1618.4,14.45,0.24,"Aurobindo Unit III, India",1701,4288.83,2.67
16921,Vietnam,PMO - US,Direct Drop,EXW,Air,29-Mar-10,29-Mar-10,ARV,Adult,MYLAN LABORATORIES LTD (FORMERLY MATRIX LABORATORIES),SKU0026,"Efavirenz 600mg, tablets, 30 Tabs",Generic,30,11592,52048.08,4.49,0.15,Mylan (formerly Matrix) Nashik,See ASN-6355 (ID#:16828),See ASN-6355 (ID#:16828),112.22
16923,Nigeria,PMO - US,Direct Drop,EXW,Air,20-Oct-12,20-Oct-12,ARV,Adult,MYLAN LABORATORIES LTD (FORMERLY MATRIX LABORATORIES),SKU0119,"Atazanavir/Ritonavir 300/100mg, tablets, 30 Tabs",Generic,30,10150,228375,22.5,0.75,Mylan (formerly Matrix) Nashik,1360,7665.38,320.18
16926,South Africa,PMO - US,Direct Drop,DDP,Truck,10-Dec-14,10-Dec-14,ARV,Adult,S. BUYS WHOLESALER,SKU0007,"Nevirapine 200mg, tablets, 60 Tabs",Generic,60,143,2313.12,16.18,0.27,"Cipla, Goa, India",Weight Captured Separately,Freight Included in Commodity Cost,2.72
16967,Vietnam,PMO - US,Direct Drop,FCA,Air,8-Jan-14,8-Jan-14,ARV,Adult,ABBVIE LOGISTICS (FORMERLY ABBOTT LOGISTICS BV),SKU0118,"Ritonavir 100mg [Norvir], film coated tablets, 30 Tabs",Norvir,30,319,7419.94,23.26,0.78,ABBVIE Ludwigshafen Germany,1736,5265.22,9.18
16998,Tanzania,PMO - US,Direct Drop,EXW,Air,7-Aug-10,9-Aug-10,ARV,Adult,Aurobindo Pharma Limited,SKU0007,"Nevirapine 200mg, tablets, 60 Tabs",Generic,60,28663,74523.8,2.6,0.04,"Aurobindo Unit III, India",3380,17603.58,160.67
17003,Mozambique,PMO - US,Direct Drop,FCA,Air,7-Mar-14,7-Mar-14,ARV,Adult,ABBVIE LOGISTICS (FORMERLY ABBOTT LOGISTICS BV),SKU0110,"Ritonavir 100mg [Norvir], film coated tablets, 60 Tabs",Norvir,60,120,822,6.85,0.11,ABBVIE Ludwigshafen Germany,22,828.76,0.85
17065,Côte d'Ivoire,PMO - US,Direct Drop,EXW,Air,5-Jun-12,5-Jun-12,HRDT,HIV test,"CHEMBIO DIAGNOSTIC SYSTEMS, INC.",SKU0016,"HIV 1/2, Stat-Pak HIV, Kit, 20 Tests",Stat-Pak,20,2371,68759,29,1.45,Chembio Diagnostics Sys. Inc.,939,8695.18,96.4
17096,Zambia,PMO - US,Direct Drop,EXW,Air,5-May-15,12-May-15,HRDT,HIV test,"Orgenics, Ltd",SKU0002,"HIV 1/2, Determine Complete HIV Kit, 100 Tests",Determine,100,2863,229040,80,0.8,"Alere Medical Co., Ltd.",1159,15174.53,235.45
17124,Côte d'Ivoire,PMO - US,Direct Drop,FCA,Air,5-Mar-10,5-Mar-10,ARV,Adult,Hoffmann-La Roche ltd Basel,SKU0141,"Saquinavir 500mg [Invirase], tablets, 120 Tabs",Invirase,120,1500,149780.99,99.85,0.83,Roche Basel,271,2527.94,322.93
17129,Vietnam,PMO - US,Direct Drop,EXW,Air,23-Oct-13,23-Oct-13,ARV,Adult,MYLAN LABORATORIES LTD (FORMERLY MATRIX LABORATORIES),SKU0113,"Efavirenz/Lamivudine/Tenofovir Disoproxil Fumarate 600/300/300mg, tablets, 30 Tabs",Generic,30,84000,965160,11.49,0.38,Mylan (formerly Matrix) Nashik,9479,14402.92,1193.9
17135,Tanzania,PMO - US,Direct Drop,EXW,Air,17-Sep-13,13-Sep-13,HRDT,HIV test,"Standard Diagnostics, Inc.",SKU0002,"HIV 1/2, Determine Complete HIV Kit, 100 Tests",Determine,100,3053,0,0,0,"Alere Medical Co., Ltd.",1265,21384.75,0
17145,Pakistan,PMO - US,Direct Drop,EXW,Air,29-Jun-12,29-Jun-12,HRDT,HIV test,"Orgenics, Ltd",SKU0002,"HIV 1/2, Determine Complete HIV Kit, 100 Tests",Determine,100,2352,188160,80,0.8,"Alere Medical Co., Ltd.",1117,14959.83,263.8
17200,Haiti,PMO - US,Direct Drop,EXW,Air,30-Aug-13,30-Aug-13,ARV,Adult,MYLAN LABORATORIES LTD (FORMERLY MATRIX LABORATORIES),SKU0119,"Atazanavir/Ritonavir 300/100mg, tablets, 30 Tabs",Generic,30,5000,100000,20,0.67,Mylan (formerly Matrix) Nashik,670,4909.72,123.7
17207,Rwanda,PMO - US,Direct Drop,CIP,Air,1-Jul-10,1-Jul-10,ARV,Adult,HETERO LABS LIMITED,SKU0007,"Nevirapine 200mg, tablets, 60 Tabs",Generic,60,66825,206489.25,3.09,0.05,Hetero Unit III Hyderabad IN,3845,20194.78,404.72
17219,Haiti,PMO - US,Direct Drop,DDU,Air,25-Jul-11,25-Jul-11,HRDT,HIV test,REINBOLD EXPORT IMPORT,SKU0002,"HIV 1/2, Determine Complete HIV Kit, 100 Tests",Determine,100,27,3375,125,1.25,Inverness Japan,Weight Captured Separately,Freight Included in Commodity Cost,5.57
17228,Vietnam,PMO - US,Direct Drop,EXW,Air,20-Mar-10,20-Mar-10,ARV,Adult,MYLAN LABORATORIES LTD (FORMERLY MATRIX LABORATORIES),SKU0014,"Zidovudine 300mg, tablets, 60 Tabs",Generic,60,336,2520,7.5,0.12,Mylan (formerly Matrix) Nashik,120,9013.85,4.94
17242,South Africa,PMO - US,Direct Drop,DDP,Ocean,13-Jun-11,13-Jun-11,ARV,Adult,Aurobindo Pharma Limited,SKU0029,"Tenofovir Disoproxil Fumarate 300mg, tablets, 30 Tabs",Generic,30,43280,287812,6.65,0.22,"Aurobindo Unit III, India",4040,6121.42,474.89
17245,"Congo, DRC",PMO - US,Direct Drop,EXW,Air,4-Apr-14,4-Apr-14,HRDT,HIV test,"Trinity Biotech, Plc",SKU0009,"HIV 1/2, Uni-Gold HIV Kit, 20 Tests",Uni-Gold,20,27,864,32,1.6,"Trinity Biotech, Plc",See ASN-24721 (ID#:13708),See ASN-24721 (ID#:13708),0.89
17247,Zambia,PMO - US,Direct Drop,EXW,Air,22-Jul-11,22-Jul-11,HRDT,HIV test,"Orgenics, Ltd",SKU0002,"HIV 1/2, Determine Complete HIV Kit, 100 Tests",Determine,100,2751,220080,80,0.8,Inverness Japan,1061,23722.96,363.13
17259,Tanzania,PMO - US,Direct Drop,FCA,Air,27-Jun-11,27-Jun-11,ARV,Adult,LAWRENCE LABORATORIES (SUBSIDIARY OF BRISTOL MYERS SQUIBB),SKU0031,"Didanosine EC 250mg [Videx EC], delayed-release capsules, Blister 3 x 10 Caps",Videx EC,30,2098,38477.32,18.34,0.61,Bristol-Myers Squibb Anagni IT,140,1870.73,63.49
17348,South Africa,PMO - US,Direct Drop,DDP,Truck,31-May-10,31-May-10,ARV,Pediatric,S. BUYS WHOLESALER,SKU0049,"Efavirenz 50mg, capsule, 30 Caps",Generic,30,300,1046.28,3.49,0.12,"Aurobindo Unit III, India",Weight Captured Separately,Freight Included in Commodity Cost,2.26
17349,Rwanda,PMO - US,Direct Drop,EXW,Air,27-Mar-14,27-Mar-14,HRDT,HIV test,"SHANGHAI KEHUA BIOENGINEERING CO.,LTD.  (KHB)",SKU0063,"HIV 1/2, SKB Colloidal Gold, Diagnostic Kit, Antibody, 50 Tests",Colloidal Gold,1,2072,50764,24.5,24.5,"KHB Test Kit Facility, Shanghai China",1383,18323.97,62.8
17359,South Africa,PMO - US,Direct Drop,DDP,Truck,12-May-15,12-May-15,ARV,Adult,PHARMACY DIRECT,SKU0027,"Saquinavir 200mg [Invirase], capsules, 270 Caps",Invirase,270,3,166.54,55.51,0.21,Roche Madrid,Weight Captured Separately,Freight Included in Commodity Cost,0.17
17373,Mozambique,PMO - US,Direct Drop,CIP,Air,23-Jun-10,23-Jun-10,ARV,Adult,INTERNATIONAL HEALTHCARE DISTRIBUTORS,SKU0056,"Ritonavir 100mg [Norvir], capsules, cool, 84 Caps",Norvir,84,320,3312,10.35,0.12,ABBVIE (Abbott) Logis. UK,Weight Captured Separately,Freight Included in Commodity Cost,7.14
17447,Côte d'Ivoire,PMO - US,Direct Drop,FCA,Air,29-Nov-13,29-Nov-13,ARV,Pediatric,ABBVIE LOGISTICS (FORMERLY ABBOTT LOGISTICS BV),SKU0045,"Lopinavir/Ritonavir 100/25mg [Aluvia], tablets, 60 Tabs",Generic,60,7850,46629,5.94,0.1,ABBVIE Ludwigshafen Germany,909,6020.53,57.68
17501,Vietnam,PMO - US,Direct Drop,EXW,Air,25-Sep-13,25-Sep-13,ARV,Adult,HETERO LABS LIMITED,SKU0058,"Abacavir 300mg, tablets, 60 Tabs",Generic,60,771,9444.75,12.25,0.2,Hetero Unit III Hyderabad IN,136,678.96,11.68
17600,Tanzania,PMO - US,Direct Drop,EXW,Air,8-Aug-14,8-Aug-14,HRDT,HIV test,"Trinity Biotech, Plc",SKU0009,"HIV 1/2, Uni-Gold HIV Kit, 20 Tests",Uni-Gold,20,336,10752,32,1.6,"Trinity Biotech, Plc",101,1428.13,11.05
17640,Mozambique,PMO - US,Direct Drop,EXW,Air,20-Mar-13,20-Mar-13,HRDT,HIV test,"Orgenics, Ltd",SKU0002,"HIV 1/2, Determine Complete HIV Kit, 100 Tests",Determine,100,1832,146560,80,0.8,"Alere Medical Co., Ltd.",829,8680.27,181.29
17648,South Africa,PMO - US,Direct Drop,DDP,Ocean,26-Apr-11,26-Apr-11,ARV,Adult,Aurobindo Pharma Limited,SKU0003,"Lamivudine 150mg, tablets, 60 Tabs",Generic,60,152535,361507.95,2.37,0.04,"Aurobindo Unit III, India",7698,11372.23,779.41
17660,South Africa,PMO - US,Direct Drop,DDP,Truck,24-Jul-15,24-Jul-15,ARV,Adult,PHARMACY DIRECT,SKU0105,"Emtricitabine/Tenofovir Disoproxil Fumarate 200/300mg, tablets, 30 Tabs",Generic,30,12,281.25,23.44,0.78,"Aurobindo Unit III, India",Weight Captured Separately,Freight Included in Commodity Cost,0.29
17697,Vietnam,PMO - US,Direct Drop,EXW,Air,9-Feb-11,9-Feb-11,ARV,Adult,HETERO LABS LIMITED,SKU0044,"Lamivudine/Nevirapine/Stavudine 150/200/30mg, tablets, 60 Tabs",Generic,60,19760,94848,4.8,0.08,Hetero Unit III Hyderabad IN,3998,12974.12,204.49
17701,Mali,PMO - US,Direct Drop,EXW,Air,11-Sep-12,11-Sep-12,HRDT,HIV test,Orasure Technologies Inc.,SKU0018,"HIV 1/2, OraQuick Advance HIV Rapid Antibody Kit, 100 Tests",OraQuick,100,5,2000,400,4,"Pacific Biotech, Thailand",12,1840.97,2.8
17717,Guyana,PMO - US,Direct Drop,EXW,Air,16-Jun-15,16-Jun-15,ARV,Adult,HETERO LABS LIMITED,SKU0105,"Emtricitabine/Tenofovir Disoproxil Fumarate 200/300mg, tablets, 30 Tabs",Generic,30,3715,20766.85,5.59,0.19,Hetero Unit III Hyderabad IN,385,3248.6,24.44
17764,South Africa,PMO - US,Direct Drop,DDP,Truck,27-Aug-14,27-Aug-14,ARV,Adult,S. BUYS WHOLESALER,SKU0011,"Lamivudine/Zidovudine 150/300mg, tablets, 60 Tabs",Generic,60,46,1517.44,32.99,0.55,Hetero Unit III Hyderabad IN,Weight Captured Separately,Freight Included in Commodity Cost,1.88
17796,Zambia,PMO - US,Direct Drop,FCA,Air,9-Jun-15,9-Jun-15,ARV,Pediatric,ABBVIE LOGISTICS (FORMERLY ABBOTT LOGISTICS BV),SKU0042,"Lopinavir/Ritonavir 80/20mg/ml [Kaletra], oral solution, cool, Bottle 5 x 60 ml",Kaletra,300,2266,69838.12,30.82,0.1,ABBVIE (Abbott) Logis. UK,2277,13894.08,71.79
17800,Haiti,PMO - US,Direct Drop,FCA,Air,4-Jun-13,4-Jun-13,ARV,Pediatric,ABBVIE LOGISTICS (FORMERLY ABBOTT LOGISTICS BV),SKU0042,"Lopinavir/Ritonavir 80/20mg/ml [Kaletra], oral solution, cool, Bottle 5 x 60 ml",Kaletra,300,100,3082,30.82,0.1,ABBVIE (Abbott) Logis. UK,164,2419.33,3.81
17815,Mozambique,PMO - US,Direct Drop,EXW,Air,12-Dec-11,12-Dec-11,HRDT,HIV test,"Orgenics, Ltd",SKU0017,"HIV 1/2, Determine HIV Kit, without Lancets, 100 Tests",Determine,100,7412,575912.4,77.7,0.78,Inverness Japan,2097,15891.96,950.26
17825,Nigeria,PMO - US,Direct Drop,EXW,Air,19-Aug-14,2-Sep-14,HRDT,HIV test,"Orgenics, Ltd",SKU0002,"HIV 1/2, Determine Complete HIV Kit, 100 Tests",Determine,100,4987,443843,89,0.89,"Alere Medical Co., Ltd.",2022,30257.97,456.27
17831,Sudan,PMO - US,Direct Drop,EXW,Air,1-Jul-11,1-Jul-11,HRDT,HIV test,"Orgenics, Ltd",SKU0002,"HIV 1/2, Determine Complete HIV Kit, 100 Tests",Determine,100,378,33642,89,0.89,Inverness Japan,180,4529.86,55.51
17844,South Africa,PMO - US,Direct Drop,DDP,Truck,12-May-15,12-May-15,ARV,Adult,PHARMACY DIRECT,SKU0134,"Didanosine 400mg, delayed-release capsules, 30 Caps",Generic,30,3,42.65,14.22,0.47,"Aurobindo Unit III, India",Weight Captured Separately,Freight Included in Commodity Cost,0.04
17861,Vietnam,PMO - US,Direct Drop,EXW,Air,15-Mar-10,15-Mar-10,ARV,Adult,CIPLA LIMITED,SKU0044,"Lamivudine/Nevirapine/Stavudine 150/200/30mg, tablets, 60 Tabs",Generic,60,19920,114340.8,5.74,0.1,"Cipla, Goa, India",1936,5314.56,246.52
17865,South Africa,PMO - US,Direct Drop,DDP,Truck,13-Aug-14,13-Aug-14,ARV,Pediatric,S. BUYS WHOLESALER,SKU0042,"Lopinavir/Ritonavir 80/20mg/ml [Kaletra], oral solution, cool, Bottle 5 x 60 ml",Kaletra,300,2,46.9,23.45,0.08,ABBVIE (Abbott) Logis. UK,Weight Captured Separately,Freight Included in Commodity Cost,0.06
17870,South Africa,PMO - US,Direct Drop,DDP,Truck,7-Oct-09,7-Oct-09,ARV,Pediatric,S. BUYS WHOLESALER,SKU0076,"Stavudine 1mg/ml, powder for oral solution, 200 ml",Generic,200,500,1303.53,2.61,0.01,"Aurobindo Unit III, India",Weight Captured Separately,Freight Included in Commodity Cost,2.55
17900,Namibia,PMO - US,Direct Drop,EXW,Air,19-Nov-14,19-Nov-14,ARV,Adult,HETERO LABS LIMITED,SKU0011,"Lamivudine/Zidovudine 150/300mg, tablets, 60 Tabs",Generic,60,26663,176242.43,6.61,0.11,"Hetero, Jadcherla, unit 5, IN",4233,26663.64,181.18
17924,South Africa,PMO - US,Direct Drop,DDP,Truck,27-Aug-14,27-Aug-14,ARV,Adult,S. BUYS WHOLESALER,SKU0026,"Efavirenz 600mg, tablets, 30 Tabs",Generic,30,143,2391.83,16.73,0.56,Hetero Unit III Hyderabad IN,Weight Captured Separately,Freight Included in Commodity Cost,2.96
17944,South Africa,PMO - US,Direct Drop,DDP,Air,19-Jul-10,29-Jul-10,ARV,Adult,CIPLA LIMITED,SKU0029,"Tenofovir Disoproxil Fumarate 300mg, tablets, 30 Tabs",Generic,30,47625,372427.5,7.82,0.26,"Cipla, Goa, India",3243,1881.24,802.95
17949,South Africa,PMO - US,Direct Drop,DDP,Ocean,26-Apr-11,26-Apr-11,ARV,Adult,Aurobindo Pharma Limited,SKU0026,"Efavirenz 600mg, tablets, 30 Tabs",Generic,30,32280,146228.4,4.53,0.15,"Aurobindo Unit III, India",7017,11372.23,315.27
18022,"Congo, DRC",PMO - US,Direct Drop,EXW,Air,23-Jul-15,23-Jul-15,HRDT,HIV test,"Orgenics, Ltd",SKU0002,"HIV 1/2, Determine Complete HIV Kit, 100 Tests",Determine,100,137,10960,80,0.8,"Alere Medical Co., Ltd.",See ASN-32231 (ID#:13648),See ASN-32231 (ID#:13648),12.9
18053,South Africa,PMO - US,Direct Drop,DDP,Air,1-Sep-10,1-Sep-10,ARV,Adult,CIPLA LIMITED,SKU0029,"Tenofovir Disoproxil Fumarate 300mg, tablets, 30 Tabs",Generic,30,26991,211069.62,7.82,0.26,"Cipla, Goa, India",1842,5298.03,455.07
18093,South Africa,PMO - US,Direct Drop,DDP,Truck,29-Aug-14,29-Aug-14,ARV,Pediatric,S. BUYS WHOLESALER,SKU0130,"Lamivudine 10mg/ml, oral solution w/syringe, Bottle, 240 ml",Generic,240,29,228.8,7.89,0.03,"Aurobindo Unit III, India",Weight Captured Separately,Freight Included in Commodity Cost,0.28
18099,South Africa,PMO - US,Direct Drop,DDP,Truck,28-Aug-14,28-Aug-14,ARV,Pediatric,PHARMACY DIRECT,SKU0049,"Efavirenz 50mg, capsule, 30 Caps",Generic,30,39,117.24,3.01,0.1,"Aurobindo Unit III, India",Weight Captured Separately,Freight Included in Commodity Cost,0.12
18121,South Africa,PMO - US,Direct Drop,DDP,Truck,29-Aug-14,29-Aug-14,ARV,Adult,S. BUYS WHOLESALER,SKU0029,"Tenofovir Disoproxil Fumarate 300mg, tablets, 30 Tabs",Generic,30,206,4365.52,21.19,0.71,"Aurobindo Unit III, India",Weight Captured Separately,Freight Included in Commodity Cost,5.4
18129,South Africa,PMO - US,Direct Drop,DDP,Ocean,2-Sep-11,2-Sep-11,ARV,Pediatric,Aurobindo Pharma Limited,SKU0066,"Efavirenz 200mg, capsule, 90 Caps",Generic,90,25000,204250,8.17,0.09,"Aurobindo Unit III, India",3313,4689.6,337.01
18155,Sudan,PMO - US,Direct Drop,EXW,Air,11-Jan-12,11-Jan-12,HRDT,HIV test,"Trinity Biotech, Plc",SKU0009,"HIV 1/2, Uni-Gold HIV Kit, 20 Tests",Uni-Gold,20,58,1856,32,1.6,"Trinity Biotech, Plc",19,594.51,3.06
18182,South Africa,PMO - US,Direct Drop,DDP,Truck,12-Feb-15,12-Feb-15,ARV,Adult,PHARMACY DIRECT,SKU0011,"Lamivudine/Zidovudine 150/300mg, tablets, 60 Tabs",Generic,60,19,407.56,21.45,0.36,"Aurobindo Unit III, India",Weight Captured Separately,Freight Included in Commodity Cost,0.42
18227,Vietnam,PMO - US,Direct Drop,EXW,Air,11-Aug-11,11-Aug-11,ARV,Adult,MYLAN LABORATORIES LTD (FORMERLY MATRIX LABORATORIES),SKU0007,"Nevirapine 200mg, tablets, 60 Tabs",Generic,60,25000,65000,2.6,0.04,Mylan (formerly Matrix) Nashik,3098,12745.06,107.25
18240,Vietnam,PMO - US,Direct Drop,EXW,Air,5-Dec-12,5-Dec-12,ARV,Adult,HETERO LABS LIMITED,SKU0011,"Lamivudine/Zidovudine 150/300mg, tablets, 60 Tabs",Generic,60,14842,105081.36,7.08,0.12,Hetero Unit III Hyderabad IN,1364,2348.57,147.32
18246,Burundi,PMO - US,Direct Drop,EXW,Air,26-Jan-15,26-Jan-15,HRDT,HIV test,"CHEMBIO DIAGNOSTIC SYSTEMS, INC.",SKU0111,"HIV 1/2, Stat-Pak Dipstick Assay Kit, 30 Tests",Stat-Pak,30,414,11426.4,27.6,0.92,Chembio Diagnostics Sys. Inc.,45,753.35,11.75
18269,Mozambique,PMO - US,Direct Drop,EXW,Air,25-Dec-12,25-Dec-12,HRDT,HIV test,"Orgenics, Ltd",SKU0122,"HIV 1/2, Determine Kit without Lancets, Buffer or Caplillary Tubes, 100 Tests",Determine,100,81,5844.15,72.15,0.72,"Alere Medical Co., Ltd.",16,467.26,8.19
18316,Zimbabwe,PMO - US,Direct Drop,EXW,Air,20-Aug-14,20-Aug-14,ARV,Pediatric,STRIDES ARCOLAB LIMITED,SKU0142,"Efavirenz 200mg, scored tablets, 90 Tabs",Generic,90,14164,131725.2,9.3,0.1,"Strides, Bangalore, India.",884,8280.73,135.41
18325,Cameroon,PMO - US,Direct Drop,EXW,Air,3-Nov-14,3-Nov-14,HRDT,HIV test,Orasure Technologies Inc.,SKU0018,"HIV 1/2, OraQuick Advance HIV Rapid Antibody Kit, 100 Tests",OraQuick,100,30,10500,350,3.5,"Pacific Biotech, Thailand",77,1800.48,10.79
18354,Haiti,PMO - US,Direct Drop,EXW,Ocean,20-Oct-14,20-Oct-14,ARV,Pediatric,Aurobindo Pharma Limited,SKU0126,"Nevirapine 10mg/ml, oral suspension w/syringe, Bottle, 240 ml",Generic,240,1295,1955.45,1.51,0.01,"Aurobindo Unit III, India",536,1893.24,2.01
18373,Vietnam,PMO - US,Direct Drop,EXW,Air,18-Feb-12,18-Feb-12,ARV,Adult,Aurobindo Pharma Limited,SKU0026,"Efavirenz 600mg, tablets, 30 Tabs",Generic,30,3548,14369.4,4.05,0.13,"Aurobindo Unit III, India",See ASN-13410 (ID#:16901),See ASN-13410 (ID#:16901),23.71
18386,Haiti,PMO - US,Direct Drop,EXW,Ocean,28-Oct-14,28-Oct-14,ARV,Adult,CIPLA LIMITED,SKU0054,"Lamivudine/Nevirapine/Zidovudine 150/200/300mg, tablets, 60 Tabs",Generic,60,16435,133123.5,8.1,0.13,"Cipla, Goa, India",Weight Captured Separately,Invoiced Separately,136.85
18392,"Congo, DRC",PMO - US,Direct Drop,EXW,Air,5-Sep-14,5-Sep-14,HRDT,HIV test,"Trinity Biotech, Plc",SKU0009,"HIV 1/2, Uni-Gold HIV Kit, 20 Tests",Uni-Gold,20,17,544,32,1.6,"Trinity Biotech, Plc",See ASN-26738 (ID#:15115),See ASN-26738 (ID#:15115),0.56
18405,Haiti,PMO - US,Direct Drop,EXW,Air,10-Jun-13,10-Jun-13,ARV,Pediatric,Aurobindo Pharma Limited,SKU0126,"Nevirapine 10mg/ml, oral suspension w/syringe, Bottle, 240 ml",Generic,240,2052,3098.52,1.51,0.01,"Aurobindo Unit III, India",908,6438.91,3.83
18422,Zambia,PMO - US,Direct Drop,CIP,Air,8-Jul-10,8-Jul-10,ARV,Adult,INTERNATIONAL HEALTHCARE DISTRIBUTORS,SKU0008,"Lopinavir/Ritonavir 200/50mg [Aluvia], tablets, 120 Tabs",Aluvia,120,10000,369100,36.91,0.31,ABBVIE Ludwigshafen Germany,2294,1100.2,795.78
18436,Ethiopia,PMO - US,Direct Drop,EXW,Air,31-Jul-12,31-Jul-12,HRDT,HIV test,"SHANGHAI KEHUA BIOENGINEERING CO.,LTD.  (KHB)",SKU0063,"HIV 1/2, SKB Colloidal Gold, Diagnostic Kit, Antibody, 50 Tests",Colloidal Gold,1,175,4287.5,24.5,24.5,"KHB Test Kit Facility, Shanghai China",125,1472.03,6.01
18494,Ethiopia,PMO - US,Direct Drop,EXW,Air,18-May-12,18-May-12,HRDT,HIV test,"SHANGHAI KEHUA BIOENGINEERING CO.,LTD.  (KHB)",SKU0063,"HIV 1/2, SKB Colloidal Gold, Diagnostic Kit, Antibody, 50 Tests",Colloidal Gold,1,175,4287.5,24.5,24.5,"KHB Test Kit Facility, Shanghai China",128,1584.09,6.01
18500,Vietnam,PMO - US,Direct Drop,FCA,Air,11-Mar-10,11-Mar-10,ARV,Adult,ABBVIE LOGISTICS (FORMERLY ABBOTT LOGISTICS BV),SKU0008,"Lopinavir/Ritonavir 200/50mg [Aluvia], tablets, 120 Tabs",Aluvia,120,4280,351816,82.2,0.68,ABBVIE Ludwigshafen Germany,1063,11167.45,689.56
18509,South Africa,PMO - US,Direct Drop,DDP,Ocean,26-Jun-11,7-Apr-11,ARV,Adult,Aurobindo Pharma Limited,SKU0029,"Tenofovir Disoproxil Fumarate 300mg, tablets, 30 Tabs",Generic,30,64269,427388.85,6.65,0.22,"Aurobindo Unit III, India",5999,13829.58,705.19
18538,South Africa,PMO - US,Direct Drop,DDP,Truck,2-Jun-15,2-Jun-15,ARV,Adult,PHARMACY DIRECT,SKU0069,"Didanosine 250mg, delayed-release capsules, 30 Caps",Generic,30,4,44.07,11.02,0.37,"Aurobindo Unit III, India",Weight Captured Separately,Freight Included in Commodity Cost,0.05
18580,Tanzania,PMO - US,Direct Drop,EXW,Air,24-Jun-14,24-Jun-14,ARV,Pediatric,STRIDES ARCOLAB LIMITED,SKU0142,"Efavirenz 200mg, scored tablets, 90 Tabs",Generic,90,15041,139881.3,9.3,0.1,"Strides, Bangalore, India.",949,4673.77,143.8
18586,Ghana,PMO - US,Direct Drop,EXW,Air,10-Nov-14,10-Nov-14,ARV,Adult,Aurobindo Pharma Limited,SKU0054,"Lamivudine/Nevirapine/Zidovudine 150/200/300mg, tablets, 60 Tabs",Generic,60,28853,236594.6,8.2,0.14,"Aurobindo Unit III, India",3612,18256.1,243.22
18629,Vietnam,PMO - US,Direct Drop,EXW,Air,16-Apr-12,16-Apr-12,ARV,Adult,MYLAN LABORATORIES LTD (FORMERLY MATRIX LABORATORIES),SKU0113,"Efavirenz/Lamivudine/Tenofovir Disoproxil Fumarate 600/300/300mg, tablets, 30 Tabs",Generic,30,6549,92340.9,14.1,0.47,Mylan (formerly Matrix) Nashik,1208,3306.51,152.36
18633,Sudan,PMO - US,Direct Drop,EXW,Air,29-Nov-10,29-Nov-10,HRDT,HIV test,"Trinity Biotech, Plc",SKU0009,"HIV 1/2, Uni-Gold HIV Kit, 20 Tests",Uni-Gold,20,50,1600,32,1.6,"Trinity Biotech, Plc",17,1117.79,3.45
18639,Burundi,PMO - US,Direct Drop,EXW,Air,5-Jun-12,5-Jun-12,HRDT,HIV test,"Orgenics, Ltd",SKU0002,"HIV 1/2, Determine Complete HIV Kit, 100 Tests",Determine,100,1200,96000,80,0.8,"Alere Medical Co., Ltd.",577,14493.81,134.59
18664,Vietnam,PMO - US,Direct Drop,EXW,Air,23-Apr-14,23-Apr-14,ARV,Adult,HETERO LABS LIMITED,SKU0058,"Abacavir 300mg, tablets, 60 Tabs",Generic,60,1436,16442.2,11.45,0.19,Hetero Unit III Hyderabad IN,2832,7474.2,20.34
18673,Vietnam,PMO - US,Direct Drop,EXW,Air,19-Mar-15,19-Mar-15,ARV,Adult,MYLAN LABORATORIES LTD (FORMERLY MATRIX LABORATORIES),SKU0054,"Lamivudine/Nevirapine/Zidovudine 150/200/300mg, tablets, 60 Tabs",Generic,60,9000,72900,8.1,0.13,Mylan (formerly Matrix) Nashik,Weight Captured Separately,Invoiced Separately,85.8
18679,Haiti,PMO - US,Direct Drop,EXW,Ocean,25-Jul-13,25-Jul-13,ARV,Adult,HETERO LABS LIMITED,SKU0113,"Efavirenz/Lamivudine/Tenofovir Disoproxil Fumarate 600/300/300mg, tablets, 30 Tabs",Generic,30,54090,567945,10.5,0.35,Hetero Unit III Hyderabad IN,7140,7992.56,702.55
18694,Tanzania,PMO - US,Direct Drop,CIP,Air,21-Oct-09,21-Oct-09,ARV,Adult,BRISTOL-MYERS SQUIBB,SKU0032,"Didanosine EC 400mg [Videx EC], delayed-release capsules, Blister 3 x 10 Caps",Videx EC,30,1000,23670,23.67,0.79,"BMS Meymac, France",335,888,46.39
18708,Zimbabwe,PMO - US,Direct Drop,EXW,Air Charter,23-Jul-14,23-Jul-14,ARV,Adult,Aurobindo Pharma Limited,SKU0107,"Lamivudine/Tenofovir Disoproxil Fumarate 300/300mg, tablets, 30 Tabs",Generic,30,35955,167190.75,4.65,0.16,"Aurobindo Unit VII, IN",3520,23014.35,171.87
18740,Guatemala,PMO - US,Direct Drop,DDU,Air,21-May-12,21-May-12,ARV,Pediatric,IDIS LIMITED,SKU0046,"Didanosine 50mg [Videx], chewable tablets, 60 Tabs",Videx,60,161,12174.82,75.62,1.26,Bristol-Myers Squibb Anagni IT,Weight Captured Separately,Freight Included in Commodity Cost,20.09
18762,South Africa,South Africa Field Office,Direct Drop,DDP,Truck,16-Apr-13,16-Apr-13,ARV,Adult,S. BUYS WHOLESALER,SKU0014,"Zidovudine 300mg, tablets, 60 Tabs",Generic,60,216,5512.38,25.52,0.43,"Aurobindo Unit III, India",Weight Captured Separately,Freight Included in Commodity Cost,6.82
18811,Côte d'Ivoire,PMO - US,Direct Drop,FCA,Air,7-Feb-14,7-Feb-14,ARV,Pediatric,ABBVIE LOGISTICS (FORMERLY ABBOTT LOGISTICS BV),SKU0045,"Lopinavir/Ritonavir 100/25mg [Aluvia], tablets, 60 Tabs",Generic,60,4600,27324,5.94,0.1,ABBVIE Ludwigshafen Germany,535,5924.33,33.8
18862,Haiti,PMO - US,Direct Drop,EXW,Air,11-Nov-13,11-Nov-13,HRDT,HIV test,"Orgenics, Ltd",SKU0002,"HIV 1/2, Determine Complete HIV Kit, 100 Tests",Determine,100,4000,400000,100,1,"Alere Medical Co., Ltd.",1624,16994.9,494.8
18881,Botswana,PMO - US,Direct Drop,EXW,Air,16-Mar-11,16-Mar-11,HRDT,HIV test,"Trinity Biotech, Plc",SKU0009,"HIV 1/2, Uni-Gold HIV Kit, 20 Tests",Uni-Gold,20,50,1600,32,1.6,"Trinity Biotech, Plc",17,617.79,2.64
18904,"Congo, DRC",PMO - US,Direct Drop,FCA,Air,20-Nov-13,20-Nov-13,ARV,Pediatric,ABBVIE LOGISTICS (FORMERLY ABBOTT LOGISTICS BV),SKU0042,"Lopinavir/Ritonavir 80/20mg/ml [Kaletra], oral solution, cool, Bottle 5 x 60 ml",Kaletra,300,30,924.6,30.82,0.1,ABBVIE (Abbott) Logis. UK,56,460.9,1.14
18923,Tanzania,PMO - US,Direct Drop,EXW,Air,1-Dec-10,1-Dec-10,ARV,Pediatric,EMCURE PHARMACEUTICALS LTD,SKU0143,"Atazanavir 150mg, capsules, 60 Caps",Generic,60,426,11114.34,26.09,0.43,"Emcure Plot No.P-2, I.T-B.T. Park, Phase II, MIDC, Hinjwadi, Pune, India",45,1013.19,23.96
18980,Tanzania,PMO - US,Direct Drop,EXW,Air,28-Apr-15,28-Apr-15,HRDT,HIV test,"Orgenics, Ltd",SKU0002,"HIV 1/2, Determine Complete HIV Kit, 100 Tests",Determine,100,336,26880,80,0.8,"Alere Medical Co., Ltd.",139,2234.96,27.63
18992,South Africa,PMO - US,Direct Drop,DDP,Truck,24-Jul-15,24-Jul-15,ARV,Pediatric,PHARMACY DIRECT,SKU0144,"Atazanavir 150mg [Reyataz], capsules, 60 Caps",Reyataz,60,9,143.1,15.9,0.26,"BMS Evansville, US",Weight Captured Separately,Freight Included in Commodity Cost,0.15
18997,Guyana,PMO - US,Direct Drop,EXW,Air,18-Apr-13,18-Apr-13,ARV,Pediatric,Aurobindo Pharma Limited,SKU0065,"Zidovudine 100mg, capsules, 100 Caps",Generic,100,172,791.2,4.6,0.05,"Aurobindo Unit III, India",33,882.81,0.98
19013,South Africa,PMO - US,Direct Drop,DDP,Air,24-Aug-10,20-Sep-10,ARV,Adult,Aurobindo Pharma Limited,SKU0003,"Lamivudine 150mg, tablets, 60 Tabs",Generic,60,33338,84345.14,2.53,0.04,"Aurobindo Unit III, India",1791,1791.42,181.85
19014,Mozambique,PMO - US,Direct Drop,EXW,Air,10-Sep-14,10-Sep-14,HRDT,HIV test,"Orgenics, Ltd",SKU0002,"HIV 1/2, Determine Complete HIV Kit, 100 Tests",Determine,100,3173,253840,80,0.8,"Alere Medical Co., Ltd.",1287,9209,260.95
19019,South Sudan,PMO - US,Direct Drop,EXW,Air,11-Feb-14,11-Feb-14,HRDT,HIV test,"Trinity Biotech, Plc",SKU0009,"HIV 1/2, Uni-Gold HIV Kit, 20 Tests",Uni-Gold,20,25,800,32,1.6,"Trinity Biotech, Plc",159,2395.42,0.99
19063,South Sudan,PMO - US,Direct Drop,EXW,Air,18-Oct-13,18-Oct-13,HRDT,HIV test,"Trinity Biotech, Plc",SKU0009,"HIV 1/2, Uni-Gold HIV Kit, 20 Tests",Uni-Gold,20,450,14400,32,1.6,"Trinity Biotech, Plc",See ASN-21751 (ID#:13968),See ASN-21751 (ID#:13968),17.81
19080,Haiti,PMO - US,Direct Drop,FCA,Air,11-Mar-15,11-Mar-15,ARV,Adult,ABBVIE LOGISTICS (FORMERLY ABBOTT LOGISTICS BV),SKU0008,"Lopinavir/Ritonavir 200/50mg [Aluvia], tablets, 120 Tabs",Aluvia,120,15560,287393.2,18.47,0.15,ABBVIE Ludwigshafen Germany,3834,16386.12,295.44
19105,Rwanda,PMO - US,Direct Drop,EXW,Air,22-Jun-12,22-Jun-12,ARV,Pediatric,CIPLA LIMITED,SKU0071,"Abacavir 20mg/ml, oral solution, Bottle, 240 ml",Generic,240,4534,38539,8.5,0.04,"Cipla, Goa, India",1631,13116.57,54.03
19142,Vietnam,PMO - US,Direct Drop,FCA,Air,9-Apr-13,9-Apr-13,ARV,Adult,ABBVIE LOGISTICS (FORMERLY ABBOTT LOGISTICS BV),SKU0118,"Ritonavir 100mg [Norvir], film coated tablets, 30 Tabs",Norvir,30,373,8675.98,23.26,0.78,ABBVIE Ludwigshafen Germany,55,17.72,10.73
19146,South Africa,PMO - US,Direct Drop,DDP,Truck,12-May-15,12-May-15,ARV,Adult,PHARMACY DIRECT,SKU0014,"Zidovudine 300mg, tablets, 60 Tabs",Generic,60,11,198.35,18.03,0.3,"Aurobindo Unit III, India",Weight Captured Separately,Freight Included in Commodity Cost,0.2
19172,South Sudan,PMO - US,Direct Drop,EXW,Air,2-Jul-15,7-Jul-15,HRDT,HIV test,"Orgenics, Ltd",SKU0002,"HIV 1/2, Determine Complete HIV Kit, 100 Tests",Determine,100,70,6230,89,0.89,"Alere Medical Co., Ltd.",Weight Captured Separately,Invoiced Separately,7.33
19177,Côte d'Ivoire,PMO - US,Direct Drop,EXW,Air,13-Nov-13,13-Nov-13,HRDT,HIV test,"Orgenics, Ltd",SKU0002,"HIV 1/2, Determine Complete HIV Kit, 100 Tests",Determine,100,4400,352000,80,0.8,"Alere Medical Co., Ltd.",1033,24728.57,435.42
19225,South Africa,PMO - US,Direct Drop,DDP,Truck,19-Oct-09,19-Oct-09,ARV,Pediatric,S. BUYS WHOLESALER,SKU0077,"Zidovudine 100mg [Retrovir], capsules, 100 Caps",Retrovir,100,40,591.97,14.8,0.15,GSK Crawley,Weight Captured Separately,Freight Included in Commodity Cost,1.16
19241,South Africa,PMO - US,Direct Drop,DDP,Truck,13-Jan-14,13-Jan-14,ARV,Pediatric,S. BUYS WHOLESALER,SKU0145,"Abacavir 20mg/ml, oral solution w/syringe, Bottle, 240 ml",Generic,240,16,367.09,22.94,0.1,"Aurobindo Unit III, India",Weight Captured Separately,Freight Included in Commodity Cost,0.38
19243,Mozambique,PMO - US,Direct Drop,EXW,Air,3-Sep-11,3-Sep-11,HRDT,HIV test,"Orgenics, Ltd",SKU0017,"HIV 1/2, Determine HIV Kit, without Lancets, 100 Tests",Determine,100,11800,916860,77.7,0.78,Inverness Japan,2675,4969.35,1512.82
19244,"Congo, DRC",PMO - US,Direct Drop,EXW,Air,4-Nov-14,4-Nov-14,HRDT,HIV test,"Trinity Biotech, Plc",SKU0009,"HIV 1/2, Uni-Gold HIV Kit, 20 Tests",Uni-Gold,20,9,288,32,1.6,"Trinity Biotech, Plc",See ASN-28279 (ID#:13547),See ASN-28279 (ID#:13547),0.3
19246,Tanzania,PMO - US,Direct Drop,EXW,Air,5-Sep-13,5-Sep-13,ARV,Adult,MYLAN LABORATORIES LTD (FORMERLY MATRIX LABORATORIES),SKU0119,"Atazanavir/Ritonavir 300/100mg, tablets, 30 Tabs",Generic,30,5175,116437.5,22.5,0.75,Mylan (formerly Matrix) Nashik,775,4136.58,144.03
19250,Côte d'Ivoire,PMO - US,Direct Drop,CIP,Air,10-Jun-10,10-Jun-10,ARV,Pediatric,BRISTOL-MYERS SQUIBB,SKU0046,"Didanosine 50mg [Videx], chewable tablets, 60 Tabs",Videx,60,4245,40327.5,9.5,0.16,"BMS Meymac, France",833,1134.5,86.95
19263,Tanzania,PMO - US,Direct Drop,EXW,Air,30-Jan-12,30-Jan-12,HRDT,HIV test,"Orgenics, Ltd",SKU0002,"HIV 1/2, Determine Complete HIV Kit, 100 Tests",Determine,100,1500,120000,80,0.8,Inverness Japan,714,13836.99,198
19272,"Congo, DRC",PMO - US,Direct Drop,EXW,Air,2-Jul-15,2-Jul-15,HRDT,HIV test,"Trinity Biotech, Plc",SKU0009,"HIV 1/2, Uni-Gold HIV Kit, 20 Tests",Uni-Gold,20,70,2240,32,1.6,"Trinity Biotech, Plc",508,3918.37,2.64
19282,South Africa,PMO - US,Direct Drop,DDP,Truck,3-Sep-09,3-Sep-09,ARV,Adult,S. BUYS WHOLESALER,SKU0021,"Tenofovir Disoproxil Fumarate 300mg [Viread], tablets, 30 Tabs",Viread,30,800,21392.98,26.74,0.89,"Aspen-OSD, Port Elizabeth, SA",Weight Captured Separately,Freight Included in Commodity Cost,41.93
19289,Haiti,PMO - US,Direct Drop,FCA,Air,23-Jan-14,23-Jan-14,ARV,Adult,ABBVIE LOGISTICS (FORMERLY ABBOTT LOGISTICS BV),SKU0008,"Lopinavir/Ritonavir 200/50mg [Aluvia], tablets, 120 Tabs",Aluvia,120,646,12480.72,19.32,0.16,ABBVIE Ludwigshafen Germany,166,737.11,15.44
19293,Mozambique,PMO - US,Direct Drop,CIP,Air,4-Dec-09,4-Dec-09,ARV,Adult,GLAXOSMITHKLINE EXPORT LIMITED,SKU0078,"Abacavir/Lamivudine/Zidovudine 300/150/300mg [Trizivir], tablets, 60 Tabs",Trizivir,60,4,214.84,53.71,0.9,GSK Ware (UK),155,Freight Included in Commodity Cost,0.42
19335,Sudan,PMO - US,Direct Drop,EXW,Air,20-Feb-12,20-Feb-12,HRDT,HIV test - Ancillary,"Orgenics, Ltd",SKU0084,"Capillary Tubes, for Determine, EDTA, 50uL,100 Pcs",Determine,100,3,24,8,0.08,"Alere Medical Co., Ltd.",2,1076.15,0.04
19344,Guyana,PMO - US,Direct Drop,EXW,Air,9-Apr-10,9-Apr-10,ARV,Pediatric,CIPLA LIMITED,SKU0108,"Lamivudine/Nevirapine/Stavudine 60/100/12mg, dispersible tablets, 60 Tabs",Generic,60,90,387,4.3,0.07,"Cipla, Goa, India",9,541.88,0.83
19346,South Africa,PMO - US,Direct Drop,DDP,Truck,28-Aug-14,28-Aug-14,ARV,Adult,PHARMACY DIRECT,SKU0105,"Emtricitabine/Tenofovir Disoproxil Fumarate 200/300mg, tablets, 30 Tabs",Generic,30,11,332.32,30.21,1.01,"Aurobindo Unit III, India",Weight Captured Separately,Freight Included in Commodity Cost,0.34
19348,Mali,PMO - US,Direct Drop,EXW,Air,4-Oct-12,4-Oct-12,HRDT,HIV test,"Orgenics, Ltd",SKU0055,"HIV 1/2, Clearview Complete Kit, 25 Tests",Clearview,25,87,8265,95,3.8,Chembio Diagnostics Sys. Inc.,40,1333.4,11.59
19359,Zimbabwe,PMO - US,Direct Drop,EXW,Air,18-Sep-14,18-Sep-14,ARV,Pediatric,ABBVIE LOGISTICS (FORMERLY ABBOTT LOGISTICS BV),SKU0042,"Lopinavir/Ritonavir 80/20mg/ml [Kaletra], oral solution, cool, Bottle 5 x 60 ml",Kaletra,300,2025,62410.5,30.82,0.1,ABBVIE (Abbott) Logis. UK,1902,16777.24,64.16
19405,Tanzania,PMO - US,Direct Drop,EXW,Air,17-Sep-13,16-Sep-13,HRDT,HIV test,"Standard Diagnostics, Inc.",SKU0002,"HIV 1/2, Determine Complete HIV Kit, 100 Tests",Determine,100,3039,0,0,0,"Alere Medical Co., Ltd.",1257,21351.18,0
19406,Vietnam,PMO - US,Direct Drop,EXW,Air,2-Apr-13,2-Apr-13,ARV,Adult,HETERO LABS LIMITED,SKU0014,"Zidovudine 300mg, tablets, 60 Tabs",Generic,60,1082,6221.5,5.75,0.1,Hetero Unit III Hyderabad IN,2228,3565.08,7.7
19410,Nigeria,PMO - US,Direct Drop,EXW,Air,7-Jul-11,7-Jul-11,HRDT,HIV test,"Orgenics, Ltd",SKU0002,"HIV 1/2, Determine Complete HIV Kit, 100 Tests",Determine,100,2586,230154,89,0.89,Inverness Japan,1231,28132.96,379.75
19431,Côte d'Ivoire,PMO - US,Direct Drop,EXW,Air,23-Jan-15,23-Jan-15,HRDT,HIV test,"Standard Diagnostics, Inc.",SKU0019,"HIV 1/2, Bioline 3.0 Kit, Lancets, Capillary pipets, Alcohol swabs included, 25 Tests",Bioline,25,1400,28700,20.5,0.82,"Standard Diagnostics, Korea",437,5924.89,29.5
19484,Nigeria,PMO - US,Direct Drop,EXW,Air,7-May-15,7-May-15,HRDT,HIV test,"Orgenics, Ltd",SKU0002,"HIV 1/2, Determine Complete HIV Kit, 100 Tests",Determine,100,5640,501960,89,0.89,"Alere Medical Co., Ltd.",2292,27361.87,590.81
19512,Vietnam,PMO - US,Direct Drop,EXW,Air,24-Apr-12,24-Apr-12,ARV,Adult,MYLAN LABORATORIES LTD (FORMERLY MATRIX LABORATORIES),SKU0113,"Efavirenz/Lamivudine/Tenofovir Disoproxil Fumarate 600/300/300mg, tablets, 30 Tabs",Generic,30,5451,76859.1,14.1,0.47,Mylan (formerly Matrix) Nashik,1675,3401.49,126.82
19514,South Africa,PMO - US,Direct Drop,DDP,Truck,28-Aug-14,28-Aug-14,ARV,Adult,PHARMACY DIRECT,SKU0011,"Lamivudine/Zidovudine 150/300mg, tablets, 60 Tabs",Generic,60,16,499.07,31.19,0.52,"Aurobindo Unit III, India",Weight Captured Separately,Freight Included in Commodity Cost,0.51
19584,Tanzania,PMO - US,Direct Drop,EXW,Air,25-May-12,25-May-12,HRDT,HIV test,"Orgenics, Ltd",SKU0002,"HIV 1/2, Determine Complete HIV Kit, 100 Tests",Determine,100,1337,106960,80,0.8,"Alere Medical Co., Ltd.",639,12022.17,149.96
19620,Côte d'Ivoire,PMO - US,Direct Drop,FCA,Air,14-Jan-11,14-Jan-11,ARV,Adult,ABBVIE LOGISTICS (FORMERLY ABBOTT LOGISTICS BV),SKU0008,"Lopinavir/Ritonavir 200/50mg [Aluvia], tablets, 120 Tabs",Aluvia,120,7320,264691.2,36.16,0.3,ABBVIE Ludwigshafen Germany,1838,13562.36,436.74
19627,Mozambique,PMO - US,Direct Drop,EXW,Air,10-Feb-15,10-Feb-15,HRDT,HIV test - Ancillary,"Orgenics, Ltd",SKU0136,"Chase Buffer, Determine, 100 Tests, 2.5ml x 1 Vial",Determine,1,60,300,5,5,"Alere Medical Co., Ltd.",Weight Captured Separately,Invoiced Separately,0.35
19630,Vietnam,PMO - US,Direct Drop,EXW,Air,9-Jan-13,9-Jan-13,ARV,Pediatric,Aurobindo Pharma Limited,SKU0130,"Lamivudine 10mg/ml, oral solution w/syringe, Bottle, 240 ml",Generic,240,136,251.6,1.85,0.01,"Aurobindo Unit III, India",173,1079.39,0.31
19647,South Africa,PMO - US,Direct Drop,DDP,Ocean,18-Nov-11,18-Nov-11,ARV,Pediatric,GLAXOSMITHKLINE EXPORT LIMITED,SKU0087,"Abacavir 20mg/ml [Ziagen], oral solution, Bottle, 240 ml",Ziagen,240,20000,185600,9.28,0.04,GSK Mississauga (Canada),7664,17022.13,306.24
19656,South Africa,PMO - US,Direct Drop,DDP,Ocean,15-Dec-10,15-Dec-10,ARV,Adult,STRIDES ARCOLAB LIMITED,SKU0003,"Lamivudine 150mg, tablets, 60 Tabs",Generic,60,168711,416716.17,2.47,0.04,"Strides, Bangalore, India.",8183,12225.76,898.44
19670,South Africa,PMO - US,Direct Drop,DDP,Truck,24-Aug-15,24-Aug-15,ARV,Adult,PHARMACY DIRECT,SKU0058,"Abacavir 300mg, tablets, 60 Tabs",Generic,60,82,4392.17,53.56,0.89,"Aurobindo Unit III, India",Weight Captured Separately,Freight Included in Commodity Cost,4.52
19685,Zambia,PMO - US,Direct Drop,FCA,Air,22-May-13,22-May-13,ARV,Pediatric,ABBVIE LOGISTICS (FORMERLY ABBOTT LOGISTICS BV),SKU0042,"Lopinavir/Ritonavir 80/20mg/ml [Kaletra], oral solution, cool, Bottle 5 x 60 ml",Kaletra,300,1500,46230,30.82,0.1,ABBVIE (Abbott) Logis. UK,1374,10365.13,57.19
19689,South Africa,PMO - US,Direct Drop,DDP,Truck,12-May-10,12-May-10,ARV,Pediatric,S. BUYS WHOLESALER,SKU0042,"Lopinavir/Ritonavir 80/20mg/ml [Kaletra], oral solution, cool, Bottle 5 x 60 ml",Kaletra,300,50,2037.29,40.75,0.14,ABBVIE (Abbott) Logis. UK,Weight Captured Separately,Freight Included in Commodity Cost,4.39
19694,Guyana,PMO - US,Direct Drop,EXW,Air,24-Sep-09,24-Sep-09,HRDT,HIV test,"Trinity Biotech, Plc",SKU0009,"HIV 1/2, Uni-Gold HIV Kit, 20 Tests",Uni-Gold,20,2551,81632,32,1.6,"Trinity Biotech, Plc",885,11057.25,160
19696,"Congo, DRC",PMO - US,Direct Drop,EXW,Air,2-Aug-12,2-Aug-12,HRDT,HIV test,"Trinity Biotech, Plc",SKU0009,"HIV 1/2, Uni-Gold HIV Kit, 20 Tests",Uni-Gold,20,400,12800,32,1.6,"Trinity Biotech, Plc",132,1692.7,17.95
19712,Vietnam,PMO - US,Direct Drop,EXW,Air,23-Apr-14,23-Apr-14,ARV,Adult,HETERO LABS LIMITED,SKU0026,"Efavirenz 600mg, tablets, 30 Tabs",Generic,30,2516,8151.84,3.24,0.11,Hetero Unit III Hyderabad IN,See ASN-24394 (ID#:16053),See ASN-24394 (ID#:16053),10.08
19771,Vietnam,PMO - US,Direct Drop,FCA,Air,16-Jul-10,16-Jul-10,ARV,Adult,ABBVIE LOGISTICS (FORMERLY ABBOTT LOGISTICS BV),SKU0008,"Lopinavir/Ritonavir 200/50mg [Aluvia], tablets, 120 Tabs",Aluvia,120,5530,454566,82.2,0.68,ABBVIE Ludwigshafen Germany,1348,10670.09,980.04
19788,South Africa,PMO - US,Direct Drop,DDP,Ocean,2-Sep-11,14-Sep-11,ARV,Pediatric,Aurobindo Pharma Limited,SKU0049,"Efavirenz 50mg, capsule, 30 Caps",Generic,30,2247,5482.68,2.44,0.08,"Aurobindo Unit III, India",Weight Captured Separately,Freight Included in Commodity Cost,9.05
19840,Vietnam,PMO - US,Direct Drop,EXW,Air,14-Apr-15,14-Apr-15,ARV,Adult,HETERO LABS LIMITED,SKU0058,"Abacavir 300mg, tablets, 60 Tabs",Generic,60,1900,21280,11.2,0.19,Hetero Unit III Hyderabad IN,2356,3688.77,21.88
19851,Uganda,PMO - US,Direct Drop,EXW,Air,10-Dec-13,12-Dec-13,ARV,Pediatric,Aurobindo Pharma Limited,SKU0146,"Nevirapine 10mg/ml, oral suspension w/syringe, Bottle, 100 ml",Generic,100,11310,14703,1.3,0.01,"Aurobindo Unit III, India",2454,10898.12,18.19
20432,South Africa,PMO - US,Direct Drop,DDP,Ocean,10-Oct-11,3-Nov-11,ARV,Adult,Aurobindo Pharma Limited,SKU0026,"Efavirenz 600mg, tablets, 30 Tabs",Generic,30,106589,480716.39,4.51,0.15,"Aurobindo Unit III, India",9061,9323.3,793.18
19863,South Africa,PMO - US,Direct Drop,DDP,Truck,24-Jul-15,24-Jul-15,ARV,Adult,PHARMACY DIRECT,SKU0011,"Lamivudine/Zidovudine 150/300mg, tablets, 60 Tabs",Generic,60,23,528.93,23,0.38,"Aurobindo Unit III, India",Weight Captured Separately,Freight Included in Commodity Cost,0.54
19873,South Africa,PMO - US,Direct Drop,DDP,Truck,24-Jul-15,24-Jul-15,ARV,Adult,PHARMACY DIRECT,SKU0007,"Nevirapine 200mg, tablets, 60 Tabs",Generic,60,23,315.96,13.74,0.23,"Aurobindo Unit III, India",Weight Captured Separately,Freight Included in Commodity Cost,0.32
19891,South Africa,PMO - US,Direct Drop,DDP,Ocean,24-Feb-11,24-Feb-11,ARV,Pediatric,CIPLA LIMITED,SKU0130,"Lamivudine 10mg/ml, oral solution w/syringe, Bottle, 240 ml",Generic,240,55000,114400,2.08,0.01,"Cipla, Goa, India",20419,17267.14,246.65
19905,Vietnam,PMO - US,Direct Drop,EXW,Air,8-Dec-10,8-Dec-10,ARV,Adult,Aurobindo Pharma Limited,SKU0011,"Lamivudine/Zidovudine 150/300mg, tablets, 60 Tabs",Generic,60,20000,165000,8.25,0.14,"Aurobindo Unit III, India",1951,13083.7,355.74
19924,Haiti,PMO - US,Direct Drop,EXW,Air,5-May-15,5-May-15,HRDT,HIV test,"Orgenics, Ltd",SKU0002,"HIV 1/2, Determine Complete HIV Kit, 100 Tests",Determine,100,6302,630200,100,1,"Alere Medical Co., Ltd.",2557,21256.43,741.75
19940,Vietnam,PMO - US,Direct Drop,EXW,Air,3-Nov-14,3-Nov-14,ARV,Adult,MYLAN LABORATORIES LTD (FORMERLY MATRIX LABORATORIES),SKU0011,"Lamivudine/Zidovudine 150/300mg, tablets, 60 Tabs",Generic,60,20000,129800,6.49,0.11,Mylan (formerly Matrix) Nashik,1725,3273.14,133.43
19958,Kenya,PMO - US,Direct Drop,EXW,Air,9-Jul-12,9-Jul-12,HRDT,HIV test,"Orgenics, Ltd",SKU0002,"HIV 1/2, Determine Complete HIV Kit, 100 Tests",Determine,100,1,89,89,0.89,"Alere Medical Co., Ltd.",985,11034.01,0.12
19959,South Africa,PMO - US,Direct Drop,DDP,Truck,5-Nov-14,5-Nov-14,ARV,Adult,PHARMACY DIRECT,SKU0003,"Lamivudine 150mg, tablets, 60 Tabs",Generic,60,203,1855.98,9.14,0.15,"Aurobindo Unit III, India",Weight Captured Separately,Freight Included in Commodity Cost,1.91
19977,South Africa,PMO - US,Direct Drop,DDP,Truck,21-Oct-09,21-Oct-09,ARV,Pediatric,S. BUYS WHOLESALER,SKU0047,"Lamivudine 10mg/ml [Epivir], oral solution, Bottle, 240 ml",Epivir,240,1000,6669.31,6.67,0.03,GSK Mississauga (Canada),Weight Captured Separately,Freight Included in Commodity Cost,13.07
19996,Namibia,PMO - US,Direct Drop,EXW,Air,5-Aug-09,5-Aug-09,ARV,Pediatric,CIPLA LIMITED,SKU0093,"Lamivudine/Nevirapine/Stavudine 30/50/6mg, dispersible tablets, 60 Tabs",Generic,60,688,1651.2,2.4,0.04,"Cipla, Goa, India",53,571.53,3.24
20044,South Africa,PMO - US,Direct Drop,DDP,Truck,5-Aug-14,5-Aug-14,ARV,Adult,PHARMACY DIRECT,SKU0027,"Saquinavir 200mg [Invirase], capsules, 270 Caps",Invirase,270,30,2177.92,72.6,0.27,Roche Basel,Weight Captured Separately,Freight Included in Commodity Cost,2.24
20073,Nigeria,PMO - US,Direct Drop,EXW,Air,19-Jan-15,20-Jan-15,HRDT,HIV test,"Orgenics, Ltd",SKU0002,"HIV 1/2, Determine Complete HIV Kit, 100 Tests",Determine,100,3144,279816,89,0.89,"Alere Medical Co., Ltd.",1276,15681.99,287.65
20133,Uganda,PMO - US,Direct Drop,FCA,Air,4-Nov-09,4-Nov-09,ARV,Adult,ABBVIE LOGISTICS (FORMERLY ABBOTT LOGISTICS BV),SKU0008,"Lopinavir/Ritonavir 200/50mg [Aluvia], tablets, 120 Tabs",Aluvia,120,60,2169.6,36.16,0.3,ABBVIE Ludwigshafen Germany,36,814.04,4.25
20172,Mozambique,PMO - US,Direct Drop,EXW,Air,20-Mar-13,21-Mar-13,HRDT,HIV test,"Orgenics, Ltd",SKU0002,"HIV 1/2, Determine Complete HIV Kit, 100 Tests",Determine,100,2939,235120,80,0.8,"Alere Medical Co., Ltd.",1330,13801.89,290.84
20185,South Sudan,PMO - US,Direct Drop,EXW,Air,22-Dec-14,22-Dec-14,HRDT,HIV test - Ancillary,"Orgenics, Ltd",SKU0136,"Chase Buffer, Determine, 100 Tests, 2.5ml x 1 Vial",Determine,1,160,800,5,5,"Alere Medical Co., Ltd.",149,2084.52,0.82
20219,Vietnam,PMO - US,Direct Drop,EXW,Air,14-Dec-12,14-Dec-12,ARV,Adult,HETERO LABS LIMITED,SKU0011,"Lamivudine/Zidovudine 150/300mg, tablets, 60 Tabs",Generic,60,10158,71918.64,7.08,0.12,Hetero Unit III Hyderabad IN,941,1934.17,100.83
20450,"Congo, DRC",PMO - US,Direct Drop,EXW,Air,28-Nov-13,28-Nov-13,ARV,Pediatric,Aurobindo Pharma Limited,SKU0147,"Didanosine 125mg, delayed-release capsules, 30 Caps",Generic,30,171,1453.5,8.5,0.28,"Aurobindo Unit III, India",81,2782.94,1.8
20236,"Congo, DRC",PMO - US,Direct Drop,EXW,Air,30-Sep-14,30-Sep-14,ARV,Pediatric,Aurobindo Pharma Limited,SKU0148,"Didanosine 200mg, delayed-release capsules, 30 Caps",Generic,30,550,6050,11,0.37,"Aurobindo Unit III, India",See ASN-27324 (ID#:13842),See ASN-27324 (ID#:13842),6.22
20239,Rwanda,PMO - US,Direct Drop,EXW,Air,20-Jul-12,20-Jul-12,ARV,Adult,HETERO LABS LIMITED,SKU0026,"Efavirenz 600mg, tablets, 30 Tabs",Generic,30,20370,72720.9,3.57,0.12,Hetero Unit III Hyderabad IN,1751,13244.8,101.95
20245,Swaziland,PMO - US,Direct Drop,EXW,Air,21-May-13,21-May-13,HRDT,HIV test,"Trinity Biotech, Plc",SKU0009,"HIV 1/2, Uni-Gold HIV Kit, 20 Tests",Uni-Gold,20,150,4800,32,1.6,"Trinity Biotech, Plc",58,642.05,6.73
20264,Rwanda,PMO - US,Direct Drop,EXW,Air,27-Mar-14,27-Mar-14,HRDT,HIV test,"SHANGHAI KEHUA BIOENGINEERING CO.,LTD.  (KHB)",SKU0063,"HIV 1/2, SKB Colloidal Gold, Diagnostic Kit, Antibody, 50 Tests",Colloidal Gold,1,2988,73206,24.5,24.5,"KHB Test Kit Facility, Shanghai China",1992,26266.34,90.56
20266,Uganda,PMO - US,Direct Drop,DDP,Air,5-Jul-12,5-Jul-12,ARV,Adult,ASPEN PHARMACARE,SKU0115,"Etravirine 100mg [Intelence], tablets, 120 Tabs",Intelence,120,150,11250,75,0.62,"Janssen-Cilag, Latina, IT",49,475,15.77
20274,Vietnam,PMO - US,Direct Drop,EXW,Air,22-Sep-14,15-Sep-14,ARV,Adult,HETERO LABS LIMITED,SKU0113,"Efavirenz/Lamivudine/Tenofovir Disoproxil Fumarate 600/300/300mg, tablets, 30 Tabs",Generic,30,17280,181440,10.5,0.35,Hetero Unit III Hyderabad IN,2401,3701.66,186.52
20280,Nigeria,PMO - US,Direct Drop,FCA,Air,15-Dec-09,15-Dec-09,ARV,Adult,Hoffmann-La Roche ltd Basel,SKU0141,"Saquinavir 500mg [Invirase], tablets, 120 Tabs",Invirase,120,500,47667.85,95.34,0.79,Roche Basel,83,852.02,93.43
20291,South Africa,PMO - US,Direct Drop,DDP,Truck,31-May-10,31-May-10,ARV,Adult,S. BUYS WHOLESALER,SKU0053,"Emtricitabine/Tenofovir Disoproxil Fumarate 200/300mg [Truvada], tablets, 30 Tabs",Truvada,30,540,25796.95,47.77,1.59,"Aspen-OSD, Port Elizabeth, SA",Weight Captured Separately,Freight Included in Commodity Cost,55.62
20294,Zambia,PMO - US,Direct Drop,EXW,Air,14-Feb-14,14-Feb-14,ARV,Adult,MYLAN LABORATORIES LTD (FORMERLY MATRIX LABORATORIES),SKU0105,"Emtricitabine/Tenofovir Disoproxil Fumarate 200/300mg, tablets, 30 Tabs",Generic,30,300000,1722000,5.74,0.19,Mylan (formerly Matrix) Nashik,24233,119474.09,2130.11
20319,Zambia,PMO - US,Direct Drop,EXW,Air,12-Sep-14,12-Sep-14,HRDT,HIV test,"Orgenics, Ltd",SKU0002,"HIV 1/2, Determine Complete HIV Kit, 100 Tests",Determine,100,6000,480000,80,0.8,"Alere Medical Co., Ltd.",2439,30885.26,493.44
20321,Vietnam,PMO - US,Direct Drop,EXW,Air,2-Oct-12,2-Oct-12,ARV,Adult,MYLAN LABORATORIES LTD (FORMERLY MATRIX LABORATORIES),SKU0058,"Abacavir 300mg, tablets, 60 Tabs",Generic,60,331,4220.25,12.75,0.21,Mylan (formerly Matrix) Nashik,2951,7211.04,5.92
20349,Vietnam,PMO - US,Direct Drop,EXW,Air,2-Oct-12,2-Oct-12,ARV,Adult,MYLAN LABORATORIES LTD (FORMERLY MATRIX LABORATORIES),SKU0029,"Tenofovir Disoproxil Fumarate 300mg, tablets, 30 Tabs",Generic,30,30704,137860.96,4.49,0.15,Mylan (formerly Matrix) Nashik,See ASN-16124 (ID#:20321),See ASN-16124 (ID#:20321),193.28
20371,Vietnam,PMO - US,Direct Drop,EXW,Air,9-Oct-12,9-Oct-12,ARV,Pediatric,MYLAN LABORATORIES LTD (FORMERLY MATRIX LABORATORIES),SKU0140,"Lamivudine/Nevirapine/Zidovudine 30/50/60mg, dispersible tablets, 60 Tabs",Generic,60,1302,5403.3,4.15,0.07,Mylan (formerly Matrix) Nashik,4587,11252.53,7.58
20383,Haiti,PMO - US,Direct Drop,EXW,Ocean,20-Dec-12,20-Dec-12,ARV,Adult,MYLAN LABORATORIES LTD (FORMERLY MATRIX LABORATORIES),SKU0054,"Lamivudine/Nevirapine/Zidovudine 150/200/300mg, tablets, 60 Tabs",Generic,60,34080,318648,9.35,0.16,Mylan (formerly Matrix) Nashik,4726,7208.11,446.74
20407,South Africa,PMO - US,Direct Drop,DDP,Truck,29-Aug-14,29-Aug-14,ARV,Adult,S. BUYS WHOLESALER,SKU0029,"Tenofovir Disoproxil Fumarate 300mg, tablets, 30 Tabs",Generic,30,627,13051.03,20.82,0.69,Hetero Unit III Hyderabad IN,Weight Captured Separately,Freight Included in Commodity Cost,16.14
20417,South Africa,PMO - US,Direct Drop,DDP,Truck,24-Aug-15,24-Aug-15,ARV,Adult,PHARMACY DIRECT,SKU0026,"Efavirenz 600mg, tablets, 30 Tabs",Generic,30,42,507.93,12.09,0.4,"Aurobindo Unit III, India",Weight Captured Separately,Freight Included in Commodity Cost,0.52
20462,Côte d'Ivoire,PMO - US,Direct Drop,EXW,Air,8-Sep-10,8-Sep-10,HRDT,HIV test,"Orgenics, Ltd",SKU0017,"HIV 1/2, Determine HIV Kit, without Lancets, 100 Tests",Determine,100,3000,233100,77.7,0.78,Inverness Japan,680,11463.46,502.56
20506,Vietnam,PMO - US,Direct Drop,EXW,Air,7-Jul-15,7-Jul-15,ARV,Adult,HETERO LABS LIMITED,SKU0029,"Tenofovir Disoproxil Fumarate 300mg, tablets, 30 Tabs",Generic,30,17300,54495,3.15,0.1,Hetero Unit III Hyderabad IN,1320,2730.91,64.14
20512,Rwanda,PMO - US,Direct Drop,EXW,Air,22-Aug-14,22-Aug-14,ARV,Pediatric,EMCURE PHARMACEUTICALS LTD,SKU0149,"Atazanavir 200mg, capsules, 60 Caps",Generic,60,1411,46563,33,0.55,"Emcure Plot No.P-2, I.T-B.T. Park, Phase II, MIDC, Hinjwadi, Pune, India",145,1950.74,47.87
20544,Uganda,PMO - US,Direct Drop,EXW,Air,27-Feb-15,27-Feb-15,HRDT,HIV test,"Orgenics, Ltd",SKU0002,"HIV 1/2, Determine Complete HIV Kit, 100 Tests",Determine,100,4872,389760,80,0.8,"Alere Medical Co., Ltd.",1978,16876.25,458.75
20558,"Congo, DRC",PMO - US,Direct Drop,EXW,Air,23-Jul-15,23-Jul-15,HRDT,HIV test,"Orgenics, Ltd",SKU0002,"HIV 1/2, Determine Complete HIV Kit, 100 Tests",Determine,100,100,8000,80,0.8,"Alere Medical Co., Ltd.",See ASN-32231 (ID#:13648),See ASN-32231 (ID#:13648),9.42
20560,Ghana,PMO - US,Direct Drop,FCA,Air,6-Aug-14,6-Aug-14,ARV,Pediatric,ABBVIE LOGISTICS (FORMERLY ABBOTT LOGISTICS BV),SKU0045,"Lopinavir/Ritonavir 100/25mg [Aluvia], tablets, 60 Tabs",Generic,60,448,2661.12,5.94,0.1,ABBVIE Ludwigshafen Germany,63,1317.82,2.74
20619,Tanzania,PMO - US,Direct Drop,EXW,Air,16-Sep-13,16-Sep-13,HRDT,HIV test,"Standard Diagnostics, Inc.",SKU0002,"HIV 1/2, Determine Complete HIV Kit, 100 Tests",Determine,100,2500,200000,80,0.8,"Alere Medical Co., Ltd.",1036,17579.56,247.4
20623,South Africa,PMO - US,Direct Drop,DDP,Truck,28-Nov-14,28-Nov-14,ARV,Adult,PHARMACY DIRECT,SKU0029,"Tenofovir Disoproxil Fumarate 300mg, tablets, 30 Tabs",Generic,30,121,1671.82,13.82,0.46,Mylan (formerly Matrix) Nashik,Weight Captured Separately,Freight Included in Commodity Cost,1.72
20631,Mozambique,PMO - US,Direct Drop,CIP,Air,16-Feb-15,16-Feb-15,ARV,Adult,JANSSEN SCIENCES IRELAND UC (FORMERLY JANSSEN R&D IRELAND),SKU0121,"Darunavir 600mg [Prezista], tablets, 60 Tabs",Prezista,60,276,14904,54,0.9,"Janssen-Cilag, Latina, IT",Weight Captured Separately,Freight Included in Commodity Cost,15.32
20666,Nigeria,PMO - US,Direct Drop,FCA,Air,16-Oct-09,16-Oct-09,ARV,Adult,ABBVIE LOGISTICS (FORMERLY ABBOTT LOGISTICS BV),SKU0008,"Lopinavir/Ritonavir 200/50mg [Aluvia], tablets, 120 Tabs",Aluvia,120,500,18080,36.16,0.3,ABBVIE Ludwigshafen Germany,130,1599.22,35.44
20667,Uganda,PMO - US,Direct Drop,EXW,Air,10-Dec-13,12-Dec-13,ARV,Pediatric,Aurobindo Pharma Limited,SKU0146,"Nevirapine 10mg/ml, oral suspension w/syringe, Bottle, 100 ml",Generic,100,1503,1953.9,1.3,0.01,"Aurobindo Unit III, India",Weight Captured Separately,Invoiced Separately,2.42
20671,South Africa,PMO - US,Direct Drop,DDP,Ocean,16-Jan-12,23-Jan-12,ARV,Adult,Aurobindo Pharma Limited,SKU0026,"Efavirenz 600mg, tablets, 30 Tabs",Generic,30,91772,390948.72,4.26,0.14,"Aurobindo Unit III, India",7797,7292.27,645.07
20684,South Africa,PMO - US,Direct Drop,DDP,Truck,26-Jan-15,26-Jan-15,ARV,Adult,PHARMACY DIRECT,SKU0026,"Efavirenz 600mg, tablets, 30 Tabs",Generic,30,153,1724.15,11.27,0.38,"Aurobindo Unit III, India",Weight Captured Separately,Freight Included in Commodity Cost,1.77
20690,Zimbabwe,PMO - US,Direct Drop,FCA,Air,4-Aug-11,4-Aug-11,ARV,Pediatric,ABBVIE LOGISTICS (FORMERLY ABBOTT LOGISTICS BV),SKU0042,"Lopinavir/Ritonavir 80/20mg/ml [Kaletra], oral solution, cool, Bottle 5 x 60 ml",Kaletra,300,1083,39161.28,36.16,0.12,ABBVIE (Abbott) Logis. UK,1042,17912.6,84.43
20697,Vietnam,PMO - US,Direct Drop,EXW,Air,29-Nov-12,29-Nov-12,ARV,Pediatric,Aurobindo Pharma Limited,SKU0126,"Nevirapine 10mg/ml, oral suspension w/syringe, Bottle, 240 ml",Generic,240,564,1099.8,1.95,0.01,"Aurobindo Unit III, India",5939,10770.55,1.54
20723,South Africa,PMO - US,Direct Drop,DDP,Truck,26-Jan-15,26-Jan-15,ARV,Adult,PHARMACY DIRECT,SKU0134,"Didanosine 400mg, delayed-release capsules, 30 Caps",Generic,30,7,99.53,14.22,0.47,"Aurobindo Unit III, India",Weight Captured Separately,Freight Included in Commodity Cost,0.1
20735,Rwanda,PMO - US,Direct Drop,EXW,Ocean,13-Apr-12,13-Apr-12,ARV,Adult,Aurobindo Pharma Limited,SKU0107,"Lamivudine/Tenofovir Disoproxil Fumarate 300/300mg, tablets, 30 Tabs",Generic,30,132000,706200,5.35,0.18,"Aurobindo Unit VII, IN",12886,102761.99,990.09
20761,Uganda,PMO - US,Direct Drop,CIP,Air,28-Oct-14,28-Oct-14,ARV,Adult,MERCK SHARP & DOHME IDEA GMBH (FORMALLY MERCK SHARP & DOHME B.V.),SKU0129,"Raltegravir 400mg [Isentress], tablets, 60 Tabs",Isentress,60,1299,72094.5,55.5,0.92,"MSD, Haarlem, NL",137,309.95,74.11
20774,South Africa,PMO - US,Direct Drop,DDP,Truck,24-Aug-15,24-Aug-15,ARV,Adult,PHARMACY DIRECT,SKU0003,"Lamivudine 150mg, tablets, 60 Tabs",Generic,60,119,839.15,7.05,0.12,"Aurobindo Unit III, India",Weight Captured Separately,Freight Included in Commodity Cost,0.86
20824,Cameroon,PMO - US,Direct Drop,EXW,Air,26-Sep-13,26-Sep-13,ARV,Adult,CIPLA LIMITED,SKU0011,"Lamivudine/Zidovudine 150/300mg, tablets, 60 Tabs",Generic,60,59,388.81,6.59,0.11,"Cipla, Goa, India",23,1067.02,0.48
20878,Vietnam,PMO - US,Direct Drop,FCA,Air,24-Feb-11,24-Feb-11,ARV,Adult,ABBVIE LOGISTICS (FORMERLY ABBOTT LOGISTICS BV),SKU0052,"Ritonavir 100mg [Norvir], capsules, cool, 4 x 84 Caps",Norvir,336,12,2478.12,206.51,0.61,ABBVIE (Abbott) Logis. UK,51,4042.47,5.34
20883,Tanzania,PMO - US,Direct Drop,EXW,Air,16-May-11,16-May-11,HRDT,HIV test,"Standard Diagnostics, Inc.",SKU0019,"HIV 1/2, Bioline 3.0 Kit, Lancets, Capillary pipets, Alcohol swabs included, 25 Tests",Bioline,25,1520,30400,20,0.8,"Standard Diagnostics, Korea",507,4329.08,50.16
20894,Haiti,PMO - US,Direct Drop,EXW,Air,22-Apr-12,22-Apr-12,ARV,Adult,Aurobindo Pharma Limited,SKU0135,"Lopinavir/Ritonavir 200/50mg, tablets, 120 Tabs",Generic,120,5240,157200,30,0.25,"Aurobindo Unit III, India",See ASN-14408 (ID#:16232),See ASN-14408 (ID#:16232),220.39
20908,South Africa,PMO - US,Direct Drop,DDP,Truck,29-Aug-14,29-Aug-14,ARV,Pediatric,S. BUYS WHOLESALER,SKU0130,"Lamivudine 10mg/ml, oral solution w/syringe, Bottle, 240 ml",Generic,240,43,339.26,7.89,0.03,"Aurobindo Unit III, India",Weight Captured Separately,Freight Included in Commodity Cost,0.42
20947,South Africa,PMO - US,Direct Drop,DDP,Truck,12-Feb-15,12-Feb-15,ARV,Adult,PHARMACY DIRECT,SKU0029,"Tenofovir Disoproxil Fumarate 300mg, tablets, 30 Tabs",Generic,30,135,1865,13.81,0.46,Mylan (formerly Matrix) Nashik,Weight Captured Separately,Freight Included in Commodity Cost,1.92
20952,South Africa,PMO - US,Direct Drop,DDP,Truck,28-Apr-15,28-Apr-15,ARV,Adult,PHARMACY DIRECT,SKU0134,"Didanosine 400mg, delayed-release capsules, 30 Caps",Generic,30,4,78.7,19.68,0.66,"Aurobindo Unit III, India",Weight Captured Separately,Freight Included in Commodity Cost,0.08
20961,Vietnam,PMO - US,Direct Drop,EXW,Air,1-Aug-13,1-Aug-13,ARV,Adult,MYLAN LABORATORIES LTD (FORMERLY MATRIX LABORATORIES),SKU0113,"Efavirenz/Lamivudine/Tenofovir Disoproxil Fumarate 600/300/300mg, tablets, 30 Tabs",Generic,30,27122,311631.78,11.49,0.38,Mylan (formerly Matrix) Nashik,2843,9740.27,385.49
20969,Rwanda,PMO - US,Direct Drop,EXW,Air,28-Apr-14,16-Jun-14,HRDT,HIV test,"SHANGHAI KEHUA BIOENGINEERING CO.,LTD.  (KHB)",SKU0063,"HIV 1/2, SKB Colloidal Gold, Diagnostic Kit, Antibody, 50 Tests",Colloidal Gold,1,4156,101822,24.5,24.5,"KHB Test Kit Facility, Shanghai China",2771,36502.8,104.67
20975,South Africa,PMO - US,Direct Drop,DDP,Truck,27-Aug-14,27-Aug-14,ARV,Adult,S. BUYS WHOLESALER,SKU0029,"Tenofovir Disoproxil Fumarate 300mg, tablets, 30 Tabs",Generic,30,1,22.6,22.6,0.75,"Aurobindo Unit III, India",Weight Captured Separately,Freight Included in Commodity Cost,0.03
21000,Haiti,PMO - US,Direct Drop,FCA,Air,9-Sep-14,9-Sep-14,ARV,Pediatric,ABBVIE LOGISTICS (FORMERLY ABBOTT LOGISTICS BV),SKU0045,"Lopinavir/Ritonavir 100/25mg [Aluvia], tablets, 60 Tabs",Generic,60,520,3088.8,5.94,0.1,ABBVIE Ludwigshafen Germany,65,892.5,3.18
21028,South Africa,PMO - US,Direct Drop,DDP,Truck,29-Aug-14,29-Aug-14,ARV,Adult,S. BUYS WHOLESALER,SKU0134,"Didanosine 400mg, delayed-release capsules, 30 Caps",Generic,30,23,499.23,21.71,0.72,"Aurobindo Unit III, India",Weight Captured Separately,Freight Included in Commodity Cost,0.62
21033,Zambia,PMO - US,Direct Drop,FCA,Air,7-Feb-14,7-Feb-14,ARV,Pediatric,ABBVIE LOGISTICS (FORMERLY ABBOTT LOGISTICS BV),SKU0042,"Lopinavir/Ritonavir 80/20mg/ml [Kaletra], oral solution, cool, Bottle 5 x 60 ml",Kaletra,300,2569,79176.58,30.82,0.1,ABBVIE (Abbott) Logis. UK,2410,14384.91,81.39
21037,Uganda,PMO - US,Direct Drop,CIP,Air,19-Apr-11,19-Apr-11,ARV,Adult,MERCK SHARP & DOHME IDEA GMBH (FORMALLY MERCK SHARP & DOHME B.V.),SKU0129,"Raltegravir 400mg [Isentress], tablets, 60 Tabs",Isentress,60,55,5032.5,91.5,1.52,"MSD, Haarlem, NL",6,99,8.3
21044,Vietnam,PMO - US,Direct Drop,EXW,Air,23-Dec-13,23-Dec-13,ARV,Adult,MYLAN LABORATORIES LTD (FORMERLY MATRIX LABORATORIES),SKU0011,"Lamivudine/Zidovudine 150/300mg, tablets, 60 Tabs",Generic,60,1652,10721.48,6.49,0.11,Mylan (formerly Matrix) Nashik,146,746.89,13.26
21045,Rwanda,PMO - US,Direct Drop,EXW,Air,27-Mar-14,27-Mar-14,HRDT,HIV test,"SHANGHAI KEHUA BIOENGINEERING CO.,LTD.  (KHB)",SKU0063,"HIV 1/2, SKB Colloidal Gold, Diagnostic Kit, Antibody, 50 Tests",Colloidal Gold,1,2988,73206,24.5,24.5,"KHB Test Kit Facility, Shanghai China",1992,26266.34,90.56
21061,Mozambique,PMO - US,Direct Drop,FCA,Air,23-Nov-09,23-Nov-09,ARV,Adult,Hoffmann-La Roche ltd Basel,SKU0027,"Saquinavir 200mg [Invirase], capsules, 270 Caps",Invirase,270,168,15864.66,94.43,0.35,Roche Basel,86,1242.33,31.09
21076,Kenya,PMO - US,Direct Drop,EXW,Air,5-Aug-13,5-Aug-13,HRDT,HIV test,Premier Medical Corporation Ltd.,SKU0013,"HIV 1/2/O, First Response HIV 1-2.0, v.3.0 Cards Kit, 30 Tests",First Response,30,6667,146674,22,0.73,Premier Med. Corp Ltd. India,2020,10682.41,181.44
21091,Haiti,PMO - US,Direct Drop,EXW,Ocean,22-Oct-12,22-Oct-12,ARV,Pediatric,MYLAN LABORATORIES LTD (FORMERLY MATRIX LABORATORIES),SKU0140,"Lamivudine/Nevirapine/Zidovudine 30/50/60mg, dispersible tablets, 60 Tabs",Generic,60,5324,22094.6,4.15,0.07,Mylan (formerly Matrix) Nashik,4654,8538.03,30.98
21092,South Africa,PMO - US,Direct Drop,DDP,Air,7-Sep-10,15-Oct-10,ARV,Adult,Aurobindo Pharma Limited,SKU0026,"Efavirenz 600mg, tablets, 30 Tabs",Generic,30,34560,161395.2,4.67,0.16,"Aurobindo Unit III, India",3240,4263.07,347.97
21096,South Sudan,PMO - US,Direct Drop,EXW,Air,8-Feb-12,8-Feb-12,HRDT,HIV test,"Orgenics, Ltd",SKU0002,"HIV 1/2, Determine Complete HIV Kit, 100 Tests",Determine,100,470,41830,89,0.89,"Alere Medical Co., Ltd.",244,7428.38,58.65
24063,Tanzania,PMO - US,Direct Drop,EXW,Air,11-Jun-13,11-Jun-13,HRDT,HIV test,"Trinity Biotech, Plc",SKU0009,"HIV 1/2, Uni-Gold HIV Kit, 20 Tests",Uni-Gold,20,311,9952,32,1.6,"Trinity Biotech, Plc",1,1979.1,12.31
21125,Tanzania,PMO - US,Direct Drop,EXW,Air,10-Mar-11,10-Mar-11,ARV,Pediatric,EMCURE PHARMACEUTICALS LTD,SKU0143,"Atazanavir 150mg, capsules, 60 Caps",Generic,60,1135,29612.15,26.09,0.43,"Emcure Plot No.P-2, I.T-B.T. Park, Phase II, MIDC, Hinjwadi, Pune, India",103,1308.4,48.86
21143,Guatemala,PMO - US,Direct Drop,DDU,Air,12-Sep-11,12-Sep-11,ARV,Pediatric,IDIS LIMITED,SKU0046,"Didanosine 50mg [Videx], chewable tablets, 60 Tabs",Videx,60,192,14519.04,75.62,1.26,"BMS Meymac, France",Weight Captured Separately,Freight Included in Commodity Cost,23.96
21147,Nigeria,PMO - US,Direct Drop,EXW,Air,22-Jul-10,22-Jul-10,HRDT,HIV test,"Trinity Biotech, Plc",SKU0009,"HIV 1/2, Uni-Gold HIV Kit, 20 Tests",Uni-Gold,20,7000,224000,32,1.6,"Trinity Biotech, Plc",2373,29878.21,482.94
21174,Côte d'Ivoire,PMO - US,Direct Drop,FCA,Air,8-Oct-09,8-Oct-09,ARV,Adult,ABBVIE LOGISTICS (FORMERLY ABBOTT LOGISTICS BV),SKU0008,"Lopinavir/Ritonavir 200/50mg [Aluvia], tablets, 120 Tabs",Aluvia,120,11480,415116.8,36.16,0.3,ABBVIE Ludwigshafen Germany,4794,28238.31,813.63
21175,South Africa,PMO - US,Direct Drop,DDP,Truck,13-Jan-14,13-Jan-14,ARV,Adult,S. BUYS WHOLESALER,SKU0029,"Tenofovir Disoproxil Fumarate 300mg, tablets, 30 Tabs",Generic,30,1485,27749.02,18.69,0.62,Hetero Unit III Hyderabad IN,Weight Captured Separately,Freight Included in Commodity Cost,28.53
21193,Kenya,PMO - US,Direct Drop,EXW,Air,9-Aug-11,11-Aug-11,HRDT,HIV test,"Orgenics, Ltd",SKU0002,"HIV 1/2, Determine Complete HIV Kit, 100 Tests",Determine,100,8331,741459,89,0.89,Inverness Japan,1980,37548.87,1223.41
21199,Haiti,PMO - US,Direct Drop,FCA,Air,29-Aug-14,29-Aug-14,ARV,Pediatric,ABBVIE LOGISTICS (FORMERLY ABBOTT LOGISTICS BV),SKU0042,"Lopinavir/Ritonavir 80/20mg/ml [Kaletra], oral solution, cool, Bottle 5 x 60 ml",Kaletra,300,40,1232.8,30.82,0.1,ABBVIE (Abbott) Logis. UK,61,1257.16,1.27
21217,Tanzania,PMO - US,Direct Drop,EXW,Air,24-Jun-14,24-Jun-14,ARV,Pediatric,MYLAN LABORATORIES LTD (FORMERLY MATRIX LABORATORIES),SKU0140,"Lamivudine/Nevirapine/Zidovudine 30/50/60mg, dispersible tablets, 60 Tabs",Generic,60,36000,129600,3.6,0.06,Mylan (formerly Matrix) Nashik,2205,9815.52,133.23
21230,Tanzania,PMO - US,Direct Drop,EXW,Air,21-Nov-13,21-Nov-13,ARV,Adult,HETERO LABS LIMITED,SKU0113,"Efavirenz/Lamivudine/Tenofovir Disoproxil Fumarate 600/300/300mg, tablets, 30 Tabs",Generic,30,200000,2100000,10.5,0.35,Hetero Unit III Hyderabad IN,28168,127285.48,2597.7
21276,South Africa,PMO - US,Direct Drop,DDP,Ocean,4-Apr-11,27-May-11,ARV,Pediatric,Aurobindo Pharma Limited,SKU0126,"Nevirapine 10mg/ml, oral suspension w/syringe, Bottle, 240 ml",Generic,240,4529,9601.48,2.12,0.01,"Aurobindo Unit III, India",1679,3524.93,15.84
21279,"Congo, DRC",PMO - US,Direct Drop,EXW,Air,11-Jul-13,11-Jul-13,ARV,Pediatric,Aurobindo Pharma Limited,SKU0120,"Nevirapine 50mg, dispersible tablets (tablets for oral suspension), 30 Tabs",Generic,30,984,1230,1.25,0.04,"Aurobindo Unit III, India",53,938.05,1.52
21301,Tanzania,PMO - US,Direct Drop,EXW,Air,2-Aug-10,2-Aug-10,ARV,Pediatric,EMCURE PHARMACEUTICALS LTD,SKU0143,"Atazanavir 150mg, capsules, 60 Caps",Generic,60,1065,27785.85,26.09,0.43,"Emcure Plot No.P-2, I.T-B.T. Park, Phase II, MIDC, Hinjwadi, Pune, India",112,1122.07,59.91
21336,South Africa,PMO - US,Direct Drop,DDP,Truck,31-May-10,31-May-10,ARV,Adult,S. BUYS WHOLESALER,SKU0026,"Efavirenz 600mg, tablets, 30 Tabs",Generic,30,1500,29714.49,19.81,0.66,"Cipla, Goa, India",Weight Captured Separately,Freight Included in Commodity Cost,64.06
21338,South Africa,South Africa Field Office,Direct Drop,DDP,Truck,16-Apr-13,16-Apr-13,ARV,Adult,S. BUYS WHOLESALER,SKU0150,"Lamivudine/Zidovudine 150/300mg [Combivir], tablets, 60 Tabs",Combivir,60,39,746.32,19.14,0.32,"GSK, U1, Poznan, Poland",Weight Captured Separately,Freight Included in Commodity Cost,0.92
21378,Uganda,PMO - US,Direct Drop,EXW,Air,10-Dec-13,12-Dec-13,ARV,Pediatric,Aurobindo Pharma Limited,SKU0146,"Nevirapine 10mg/ml, oral suspension w/syringe, Bottle, 100 ml",Generic,100,10368,13478.4,1.3,0.01,"Aurobindo Unit III, India",Weight Captured Separately,Invoiced Separately,16.67
21380,Zambia,PMO - US,Direct Drop,EXW,Air,17-Dec-10,21-Dec-10,HRDT,HIV test,"Orgenics, Ltd",SKU0002,"HIV 1/2, Determine Complete HIV Kit, 100 Tests",Determine,100,2415,193200,80,0.8,Inverness Japan,1167,19610.11,416.54
21390,Vietnam,PMO - US,Direct Drop,EXW,Air,15-Jan-15,15-Jan-15,ARV,Adult,MYLAN LABORATORIES LTD (FORMERLY MATRIX LABORATORIES),SKU0058,"Abacavir 300mg, tablets, 60 Tabs",Generic,60,1200,13308,11.09,0.18,Mylan (formerly Matrix) Nashik,128,1069.31,13.68
21399,South Africa,PMO - US,Direct Drop,DDP,Truck,26-Jan-15,26-Jan-15,ARV,Adult,PHARMACY DIRECT,SKU0003,"Lamivudine 150mg, tablets, 60 Tabs",Generic,60,191,1261.81,6.61,0.11,"Aurobindo Unit III, India",Weight Captured Separately,Freight Included in Commodity Cost,1.3
21414,Uganda,PMO - US,Direct Drop,EXW,Air,16-Nov-13,16-Nov-13,ARV,Adult,CIPLA LIMITED,SKU0054,"Lamivudine/Nevirapine/Zidovudine 150/200/300mg, tablets, 60 Tabs",Generic,60,60929,493524.9,8.1,0.13,"Cipla, Goa, India",8638,30764.18,610.49
21469,South Sudan,PMO - US,Direct Drop,EXW,Air,2-Jul-15,7-Jul-15,HRDT,HIV test - Ancillary,"Orgenics, Ltd",SKU0136,"Chase Buffer, Determine, 100 Tests, 2.5ml x 1 Vial",Determine,1,20,100,5,5,"Alere Medical Co., Ltd.",See ASN-32106 (ID#:19172),See ASN-32106 (ID#:19172),0.12
21478,South Africa,PMO - US,Direct Drop,DDP,Truck,25-Jun-14,25-Jun-14,ARV,Pediatric,PHARMACY DIRECT,SKU0071,"Abacavir 20mg/ml, oral solution, Bottle, 240 ml",Generic,240,24,588.25,24.51,0.1,"Aurobindo Unit III, India",Weight Captured Separately,Freight Included in Commodity Cost,0.6
21480,Vietnam,PMO - US,Direct Drop,EXW,Air,22-Sep-14,15-Sep-14,ARV,Adult,HETERO LABS LIMITED,SKU0113,"Efavirenz/Lamivudine/Tenofovir Disoproxil Fumarate 600/300/300mg, tablets, 30 Tabs",Generic,30,14780,155190,10.5,0.35,Hetero Unit III Hyderabad IN,1671,2718.03,159.54
21491,Uganda,PMO - US,Direct Drop,EXW,Air,29-Apr-13,29-Apr-13,HRDT,HIV test,"Orgenics, Ltd",SKU0002,"HIV 1/2, Determine Complete HIV Kit, 100 Tests",Determine,100,2957,236560,80,0.8,"Alere Medical Co., Ltd.",1313,31917.19,292.62
21493,Burundi,PMO - US,Direct Drop,EXW,Air,20-Sep-13,20-Sep-13,HRDT,HIV test,"CHEMBIO DIAGNOSTIC SYSTEMS, INC.",SKU0111,"HIV 1/2, Stat-Pak Dipstick Assay Kit, 30 Tests",Stat-Pak,30,1249,34472.4,27.6,0.92,Chembio Diagnostics Sys. Inc.,145,1682.15,42.64
21525,South Africa,PMO - US,Direct Drop,DDP,Truck,28-Aug-14,28-Aug-14,ARV,Pediatric,PHARMACY DIRECT,SKU0071,"Abacavir 20mg/ml, oral solution, Bottle, 240 ml",Generic,240,60,1470.62,24.51,0.1,"Aurobindo Unit III, India",Weight Captured Separately,Freight Included in Commodity Cost,1.51
21536,Pakistan,PMO - US,Direct Drop,EXW,Air,17-Mar-14,17-Mar-14,HRDT,HIV test,INVERNESS MEDICAL INNOVATIONS HONG KONG LTD,SKU0002,"HIV 1/2, Determine Complete HIV Kit, 100 Tests",Determine,100,4484,358720,80,0.8,"Alere Medical Co., Ltd.",1744,19489.83,502.93
21540,South Africa,PMO - US,Direct Drop,DDP,Truck,29-Aug-14,29-Aug-14,ARV,Adult,S. BUYS WHOLESALER,SKU0014,"Zidovudine 300mg, tablets, 60 Tabs",Generic,60,17,460.89,27.11,0.45,"Aurobindo Unit III, India",Weight Captured Separately,Freight Included in Commodity Cost,0.57
21556,Vietnam,PMO - US,Direct Drop,EXW,Air,22-May-13,22-May-13,ARV,Pediatric,Aurobindo Pharma Limited,SKU0126,"Nevirapine 10mg/ml, oral suspension w/syringe, Bottle, 240 ml",Generic,240,837,1548.45,1.85,0.01,"Aurobindo Unit III, India",526,6368.02,1.92
21557,Zimbabwe,PMO - US,Direct Drop,FCA,Air,25-Apr-13,25-Apr-13,ARV,Pediatric,ABBVIE LOGISTICS (FORMERLY ABBOTT LOGISTICS BV),SKU0042,"Lopinavir/Ritonavir 80/20mg/ml [Kaletra], oral solution, cool, Bottle 5 x 60 ml",Kaletra,300,846,26073.72,30.82,0.1,ABBVIE (Abbott) Logis. UK,798,9299.26,36.56
21563,Tanzania,PMO - US,Direct Drop,EXW,Ocean,27-May-14,27-May-14,ARV,Pediatric,MYLAN LABORATORIES LTD (FORMERLY MATRIX LABORATORIES),SKU0140,"Lamivudine/Nevirapine/Zidovudine 30/50/60mg, dispersible tablets, 60 Tabs",Generic,60,115000,414000,3.6,0.06,Mylan (formerly Matrix) Nashik,10504,28270.78,425.59
21568,Côte d'Ivoire,PMO - US,Direct Drop,EXW,Air,12-Sep-11,12-Sep-11,HRDT,HIV test,"Standard Diagnostics, Inc.",SKU0019,"HIV 1/2, Bioline 3.0 Kit, Lancets, Capillary pipets, Alcohol swabs included, 25 Tests",Bioline,25,1209,24180,20,0.8,"Standard Diagnostics, Korea",403,5639.42,39.9
21573,"Congo, DRC",PMO - US,Direct Drop,DDP,Truck,7-Apr-14,7-Apr-14,HRDT,HIV test - Ancillary,WAGENIA,SKU0136,"Chase Buffer, Determine, 100 Tests, 2.5ml x 1 Vial",Determine,1,2500,18775,7.51,7.51,"Alere Medical Co., Ltd.",Weight Captured Separately,Freight Included in Commodity Cost,19.3
21576,Vietnam,PMO - US,Direct Drop,FCA,Air,16-Jan-15,16-Jan-15,ARV,Adult,ABBVIE LOGISTICS (FORMERLY ABBOTT LOGISTICS BV),SKU0008,"Lopinavir/Ritonavir 200/50mg [Aluvia], tablets, 120 Tabs",Aluvia,120,5600,340592,60.82,0.51,ABBVIE Ludwigshafen Germany,1368,4489.32,350.13
21590,Côte d'Ivoire,PMO - US,Direct Drop,CIP,Air,8-Sep-10,8-Sep-10,ARV,Pediatric,BRISTOL-MYERS SQUIBB,SKU0028,"Didanosine 25mg [Videx], chewable tablets, 60 Tabs",Videx,60,415,2905,7,0.12,"BMS Meymac, France",See ASN-8019 (ID#:14694),See ASN-8019 (ID#:14694),6.26
21606,South Africa,PMO - US,Direct Drop,DDP,Ocean,4-Apr-11,4-Apr-11,ARV,Pediatric,Aurobindo Pharma Limited,SKU0126,"Nevirapine 10mg/ml, oral suspension w/syringe, Bottle, 240 ml",Generic,240,3971,8418.52,2.12,0.01,"Aurobindo Unit III, India",1472,3524.95,13.89
21656,Zambia,PMO - US,Direct Drop,EXW,Air,20-Jul-14,20-Jul-14,ARV,Adult,Aurobindo Pharma Limited,SKU0007,"Nevirapine 200mg, tablets, 60 Tabs",Generic,60,42813,96329.25,2.25,0.04,"Aurobindo Unit III, India",4369,22508.32,99.03
21666,Vietnam,PMO - US,Direct Drop,EXW,Air,7-Sep-15,7-Sep-15,ARV,Adult,Aurobindo Pharma Limited,SKU0026,"Efavirenz 600mg, tablets, 30 Tabs",Generic,30,5000,16500,3.3,0.11,"Aurobindo Unit III, India",Weight Captured Separately,Invoiced Separately,19.42
21674,Vietnam,PMO - US,Direct Drop,EXW,Air,18-Feb-12,18-Feb-12,ARV,Adult,Aurobindo Pharma Limited,SKU0011,"Lamivudine/Zidovudine 150/300mg, tablets, 60 Tabs",Generic,60,15211,120927.45,7.95,0.13,"Aurobindo Unit III, India",See ASN-13410 (ID#:16901),See ASN-13410 (ID#:16901),199.53
21705,Vietnam,PMO - US,Direct Drop,EXW,Air,18-Mar-13,18-Mar-13,ARV,Adult,MYLAN LABORATORIES LTD (FORMERLY MATRIX LABORATORIES),SKU0113,"Efavirenz/Lamivudine/Tenofovir Disoproxil Fumarate 600/300/300mg, tablets, 30 Tabs",Generic,30,23389,268739.61,11.49,0.38,Mylan (formerly Matrix) Nashik,2741,4802.92,332.43
21706,Cameroon,PMO - US,Direct Drop,EXW,Air,26-Sep-13,26-Sep-13,ARV,Adult,CIPLA LIMITED,SKU0011,"Lamivudine/Zidovudine 150/300mg, tablets, 60 Tabs",Generic,60,47268,311496.12,6.59,0.11,"Cipla, Goa, India",4549,36166.79,385.32
21742,Guyana,PMO - US,Direct Drop,EXW,Air,19-Nov-10,19-Nov-10,HRDT,HIV test,"CHEMBIO DIAGNOSTIC SYSTEMS, INC.",SKU0016,"HIV 1/2, Stat-Pak HIV, Kit, 20 Tests",Stat-Pak,20,40,1080,27,1.35,Chembio Diagnostics Sys. Inc.,14,269.98,1.78
21752,Vietnam,PMO - US,Direct Drop,EXW,Air,13-Aug-10,13-Aug-10,ARV,Adult,Aurobindo Pharma Limited,SKU0069,"Didanosine 250mg, delayed-release capsules, 30 Caps",Generic,30,252,3276,13,0.43,"Aurobindo Unit III, India",1553,13320.8,7.06
21755,South Africa,PMO - US,Direct Drop,DDP,Truck,5-Nov-14,5-Nov-14,ARV,Adult,PHARMACY DIRECT,SKU0115,"Etravirine 100mg [Intelence], tablets, 120 Tabs",Intelence,120,12,424.25,35.35,0.29,"Janssen-Cilag, Latina, IT",Weight Captured Separately,Freight Included in Commodity Cost,0.44
21795,Vietnam,PMO - US,Direct Drop,EXW,Air,13-Mar-10,13-Mar-10,ARV,Adult,CIPLA LIMITED,SKU0044,"Lamivudine/Nevirapine/Stavudine 150/200/30mg, tablets, 60 Tabs",Generic,60,15040,86329.6,5.74,0.1,"Cipla, Goa, India",1481,6390.83,186.13
21825,Uganda,PMO - US,Direct Drop,FCA,Air,15-Nov-13,15-Nov-13,ARV,Adult,ABBVIE LOGISTICS (FORMERLY ABBOTT LOGISTICS BV),SKU0110,"Ritonavir 100mg [Norvir], film coated tablets, 60 Tabs",Norvir,60,417,2856.45,6.85,0.11,ABBVIE Ludwigshafen Germany,65,887.67,3.53
21839,South Africa,PMO - US,Direct Drop,DDP,Truck,29-Aug-14,29-Aug-14,ARV,Adult,S. BUYS WHOLESALER,SKU0134,"Didanosine 400mg, delayed-release capsules, 30 Caps",Generic,30,20,434.11,21.71,0.72,"Aurobindo Unit III, India",Weight Captured Separately,Freight Included in Commodity Cost,0.54
21843,South Africa,PMO - US,Direct Drop,DDP,Ocean,14-Sep-11,14-Sep-11,ARV,Adult,Aurobindo Pharma Limited,SKU0011,"Lamivudine/Zidovudine 150/300mg, tablets, 60 Tabs",Generic,60,50000,421000,8.42,0.14,"Aurobindo Unit III, India",4603,8033.13,694.65
21844,Tanzania,PMO - US,Direct Drop,EXW,Air,24-Jun-14,24-Jun-14,ARV,Pediatric,STRIDES ARCOLAB LIMITED,SKU0142,"Efavirenz 200mg, scored tablets, 90 Tabs",Generic,90,9959,92618.7,9.3,0.1,"Strides, Bangalore, India.",630,3416.2,95.21
21868,Vietnam,PMO - US,Direct Drop,EXW,Air,27-Jul-11,27-Jul-11,ARV,Adult,MYLAN LABORATORIES LTD (FORMERLY MATRIX LABORATORIES),SKU0014,"Zidovudine 300mg, tablets, 60 Tabs",Generic,60,12000,87000,7.25,0.12,Mylan (formerly Matrix) Nashik,664,6247.82,143.55
21897,Ethiopia,PMO - US,Direct Drop,EXW,Air,21-Aug-12,21-Aug-12,HRDT,HIV test,"Trinity Biotech, Plc",SKU0009,"HIV 1/2, Uni-Gold HIV Kit, 20 Tests",Uni-Gold,20,27,864,32,1.6,"Trinity Biotech, Plc",10,512.31,1.21
21942,South Africa,PMO - US,Direct Drop,DDP,Truck,12-May-15,12-May-15,ARV,Adult,PHARMACY DIRECT,SKU0007,"Nevirapine 200mg, tablets, 60 Tabs",Generic,60,3,38.47,12.82,0.21,"Aurobindo Unit III, India",Weight Captured Separately,Freight Included in Commodity Cost,0.04
21953,South Sudan,PMO - US,Direct Drop,EXW,Air,27-Mar-13,27-Mar-13,HRDT,HIV test,"Trinity Biotech, Plc",SKU0009,"HIV 1/2, Uni-Gold HIV Kit, 20 Tests",Uni-Gold,20,324,10368,32,1.6,"Trinity Biotech, Plc",107,2231.97,12.83
21983,South Africa,PMO - US,Direct Drop,DDP,Truck,29-Dec-09,29-Dec-09,ARV,Adult,S. BUYS WHOLESALER,SKU0051,"Zidovudine 300mg [Retrovir], tablets, 60 Tabs",Retrovir,60,500,7451.43,14.9,0.25,GSK Ware (UK),Weight Captured Separately,Freight Included in Commodity Cost,16.07
21988,South Africa,PMO - US,Direct Drop,DDP,Truck,11-Aug-15,11-Aug-15,ARV,Pediatric,PHARMACY DIRECT,SKU0042,"Lopinavir/Ritonavir 80/20mg/ml [Kaletra], oral solution, cool, Bottle 5 x 60 ml",Kaletra,300,3,51.42,17.14,0.06,ABBVIE (Abbott) Logis. UK,Weight Captured Separately,Freight Included in Commodity Cost,0.05
21997,Haiti,PMO - US,Direct Drop,EXW,Ocean,25-May-15,25-May-15,ARV,Adult,CIPLA LIMITED,SKU0113,"Efavirenz/Lamivudine/Tenofovir Disoproxil Fumarate 600/300/300mg, tablets, 30 Tabs",Generic,30,38530,394932.5,10.25,0.34,Cipla Ltd A-42 MIDC Mahar. IN,5640,9481.92,405.99
22028,Rwanda,PMO - US,Direct Drop,EXW,Air,27-Mar-14,27-Mar-14,HRDT,HIV test,"SHANGHAI KEHUA BIOENGINEERING CO.,LTD.  (KHB)",SKU0063,"HIV 1/2, SKB Colloidal Gold, Diagnostic Kit, Antibody, 50 Tests",Colloidal Gold,1,2988,73206,24.5,24.5,"KHB Test Kit Facility, Shanghai China",1992,26266.34,90.56
22045,Haiti,PMO - US,Direct Drop,EXW,Ocean,2-Sep-13,2-Sep-13,ARV,Adult,Aurobindo Pharma Limited,SKU0011,"Lamivudine/Zidovudine 150/300mg, tablets, 60 Tabs",Generic,60,14520,99026.4,6.82,0.11,"Aurobindo Unit III, India",See ASN-19819 (ID#:13739),See ASN-19819 (ID#:13739),122.5
22060,South Africa,PMO - US,Direct Drop,DDP,Truck,8-Dec-09,8-Dec-09,ARV,Pediatric,S. BUYS WHOLESALER,SKU0049,"Efavirenz 50mg, capsule, 30 Caps",Generic,30,4292,17235.27,4.02,0.13,"Aurobindo Unit III, India",Weight Captured Separately,Freight Included in Commodity Cost,33.78
22069,Uganda,PMO - US,Direct Drop,EXW,Air,16-Nov-13,16-Nov-13,ARV,Adult,CIPLA LIMITED,SKU0026,"Efavirenz 600mg, tablets, 30 Tabs",Generic,30,50000,162000,3.24,0.11,"Cipla, Goa, India",5593,19759.68,200.39
22073,Vietnam,PMO - US,Direct Drop,FCA,Air,21-Dec-12,21-Dec-12,ARV,Adult,ABBVIE LOGISTICS (FORMERLY ABBOTT LOGISTICS BV),SKU0008,"Lopinavir/Ritonavir 200/50mg [Aluvia], tablets, 120 Tabs",Aluvia,120,5188,315534.16,60.82,0.51,ABBVIE Ludwigshafen Germany,1138,3622.58,442.38
22076,Mozambique,PMO - US,Direct Drop,FCA,Air,8-Nov-11,8-Nov-11,ARV,Adult,ABBVIE LOGISTICS (FORMERLY ABBOTT LOGISTICS BV),SKU0110,"Ritonavir 100mg [Norvir], film coated tablets, 60 Tabs",Norvir,60,2464,16878.4,6.85,0.11,ABBVIE Ludwigshafen Germany,361,3669.84,27.85
22079,South Africa,PMO - US,Direct Drop,DDP,Ocean,10-Mar-11,4-Mar-11,ARV,Adult,Aurobindo Pharma Limited,SKU0026,"Efavirenz 600mg, tablets, 30 Tabs",Generic,30,63967,289770.51,4.53,0.15,"Aurobindo Unit III, India",5491,15331.49,624.75
22091,Dominican Republic,PMO - US,Direct Drop,EXW,Air,29-Oct-13,29-Oct-13,HRDT,HIV test,"Orgenics, Ltd",SKU0002,"HIV 1/2, Determine Complete HIV Kit, 100 Tests",Determine,100,1775,163300,92,0.92,"Alere Medical Co., Ltd.",721,9165.29,202
22116,Nigeria,PMO - US,Direct Drop,EXW,Air,8-Oct-12,8-Oct-12,HRDT,HIV test,"CHEMBIO DIAGNOSTIC SYSTEMS, INC.",SKU0016,"HIV 1/2, Stat-Pak HIV, Kit, 20 Tests",Stat-Pak,20,3401,98629,29,1.45,Chembio Diagnostics Sys. Inc.,972,6418.11,138.28
22160,Haiti,PMO - US,Direct Drop,EXW,Ocean,20-Oct-14,20-Oct-14,ARV,Adult,MYLAN LABORATORIES LTD (FORMERLY MATRIX LABORATORIES),SKU0113,"Efavirenz/Lamivudine/Tenofovir Disoproxil Fumarate 600/300/300mg, tablets, 30 Tabs",Generic,30,46500,499410,10.74,0.36,Mylan (formerly Matrix) Nashik,5342,9195.61,513.39
22176,South Africa,PMO - US,Direct Drop,DDP,Truck,28-Apr-15,28-Apr-15,ARV,Pediatric,PHARMACY DIRECT,SKU0049,"Efavirenz 50mg, capsule, 30 Caps",Generic,30,15,45.09,3.01,0.1,"Aurobindo Unit III, India",Weight Captured Separately,Freight Included in Commodity Cost,0.05
22186,Vietnam,PMO - US,Direct Drop,EXW,Air,23-Oct-09,23-Oct-09,ARV,Adult,Aurobindo Pharma Limited,SKU0011,"Lamivudine/Zidovudine 150/300mg, tablets, 60 Tabs",Generic,60,1008,8678.88,8.61,0.14,"Aurobindo Unit III, India",1015,3796.95,17.01
22191,Nigeria,PMO - US,Direct Drop,CIP,Air,23-Sep-09,23-Sep-09,HRDT,HIV test,BIO-RAD LABORATORIES PTY LTD. (SOUTH AFRICA),SKU0100,"HIV 2, New LAV Blot 2 HIV Kit, 18 Tests",LAV,18,1,750.29,750.29,41.68,Bio-Rad Laboratories,18,Freight Included in Commodity Cost,1.47
22196,Vietnam,PMO - US,Direct Drop,EXW,Air,26-Nov-14,26-Nov-14,ARV,Adult,MICRO LABS LIMITED,SKU0026,"Efavirenz 600mg, tablets, 30 Tabs",Generic,30,21000,62580,2.98,0.1,"Micro labs, Verna, Goa, India",3244,6195.84,64.33
22222,South Africa,PMO - US,Direct Drop,DDP,Truck,28-Nov-14,28-Nov-14,ARV,Adult,PHARMACY DIRECT,SKU0011,"Lamivudine/Zidovudine 150/300mg, tablets, 60 Tabs",Generic,60,18,405.71,22.54,0.38,"Aurobindo Unit III, India",Weight Captured Separately,Freight Included in Commodity Cost,0.42
22268,"Congo, DRC",PMO - US,Direct Drop,EXW,Air,22-Aug-14,22-Aug-14,ARV,Pediatric,CIPLA LIMITED,SKU0131,"Lamivudine/Zidovudine 30/60mg, tablets, 60 Tabs",Generic,60,150,322.5,2.15,0.04,"Cipla, Goa, India",25,1765.03,0.33
22275,South Africa,PMO - US,Direct Drop,DDP,Ocean,17-Nov-10,17-Nov-10,ARV,Adult,STRIDES ARCOLAB LIMITED,SKU0007,"Nevirapine 200mg, tablets, 60 Tabs",Generic,60,100000,282000,2.82,0.05,"Strides, Bangalore, India.",6297,7526.14,607.99
22280,South Africa,PMO - US,Direct Drop,DDP,Truck,27-Aug-14,27-Aug-14,ARV,Adult,S. BUYS WHOLESALER,SKU0003,"Lamivudine 150mg, tablets, 60 Tabs",Generic,60,183,1802.16,9.85,0.16,Hetero Unit III Hyderabad IN,Weight Captured Separately,Freight Included in Commodity Cost,2.23
22281,South Africa,PMO - US,Direct Drop,DDP,Truck,24-Aug-15,24-Aug-15,ARV,Pediatric,PHARMACY DIRECT,SKU0048,"Lamivudine 10mg/ml, oral solution, Bottle, 240 ml",Generic,240,17,91.92,5.41,0.02,"Aurobindo Unit III, India",Weight Captured Separately,Freight Included in Commodity Cost,0.09
22290,Zambia,PMO - US,Direct Drop,EXW,Air,5-Aug-13,9-Aug-13,HRDT,HIV test,"Orgenics, Ltd",SKU0002,"HIV 1/2, Determine Complete HIV Kit, 100 Tests",Determine,100,3038,243040,80,0.8,"Alere Medical Co., Ltd.",1259,19517.12,300.64
22295,South Africa,PMO - US,Direct Drop,DDP,Ocean,10-Mar-11,4-Mar-11,ARV,Adult,Aurobindo Pharma Limited,SKU0026,"Efavirenz 600mg, tablets, 30 Tabs",Generic,30,108129,489824.37,4.53,0.15,"Aurobindo Unit III, India",9280,15331.51,1056.06
22301,Vietnam,PMO - US,Direct Drop,EXW,Air,28-Dec-12,28-Dec-12,ARV,Adult,MYLAN LABORATORIES LTD (FORMERLY MATRIX LABORATORIES),SKU0113,"Efavirenz/Lamivudine/Tenofovir Disoproxil Fumarate 600/300/300mg, tablets, 30 Tabs",Generic,30,23251,278779.49,11.99,0.4,Mylan (formerly Matrix) Nashik,2641,4503.42,390.85
22312,Haiti,PMO - US,Direct Drop,CIP,Air,24-Feb-14,24-Feb-14,ARV,Adult,ETHNOR DEL ISTMO S.A.,SKU0139,"Darunavir 300mg [Prezista], tablets, 120 Tabs",Prezista,120,22,1465.2,66.6,0.55,"Janssen Ortho LLC, Puerto Rico",Weight Captured Separately,Freight Included in Commodity Cost,1.81
22323,South Africa,PMO - US,Direct Drop,DDP,Truck,28-Aug-14,28-Aug-14,ARV,Adult,PHARMACY DIRECT,SKU0029,"Tenofovir Disoproxil Fumarate 300mg, tablets, 30 Tabs",Generic,30,112,2141.49,19.12,0.64,Mylan (formerly Matrix) Nashik,Weight Captured Separately,Freight Included in Commodity Cost,2.2
22328,South Africa,PMO - US,Direct Drop,DDP,Ocean,3-May-11,3-May-11,ARV,Pediatric,Aurobindo Pharma Limited,SKU0066,"Efavirenz 200mg, capsule, 90 Caps",Generic,90,22643,225977.14,9.98,0.11,"Aurobindo Unit III, India",3000,4573.21,487.21
22356,Nigeria,PMO - US,Direct Drop,EXW,Air,14-Mar-13,14-Mar-13,ARV,Pediatric,ABBVIE LOGISTICS (FORMERLY ABBOTT LOGISTICS BV),SKU0045,"Lopinavir/Ritonavir 100/25mg [Aluvia], tablets, 60 Tabs",Generic,60,2221,13192.74,5.94,0.1,ABBVIE Ludwigshafen Germany,252,2969.34,16.32
22357,Rwanda,PMO - US,Direct Drop,EXW,Air,18-Feb-15,18-Feb-15,HRDT,HIV test,"SHANGHAI KEHUA BIOENGINEERING CO.,LTD.  (KHB)",SKU0063,"HIV 1/2, SKB Colloidal Gold, Diagnostic Kit, Antibody, 50 Tests",Colloidal Gold,1,4032,98784,24.5,24.5,"KHB Test Kit Facility, Shanghai China",2688,35437.38,101.55
22373,Mozambique,PMO - US,Direct Drop,EXW,Air,13-Aug-13,13-Aug-13,ARV,Adult,HETERO LABS LIMITED,SKU0014,"Zidovudine 300mg, tablets, 60 Tabs",Generic,60,67098,369039,5.5,0.09,Hetero Unit III Hyderabad IN,3957,18263.45,456.5
22387,South Africa,PMO - US,Direct Drop,DDP,Ocean,10-Oct-11,3-Nov-11,ARV,Adult,Aurobindo Pharma Limited,SKU0026,"Efavirenz 600mg, tablets, 30 Tabs",Generic,30,64316,290065.16,4.51,0.15,"Aurobindo Unit III, India",5467,9323.3,478.61
22417,Haiti,PMO - US,Direct Drop,FCA,Air,7-Jul-15,7-Jul-15,ARV,Pediatric,ABBVIE LOGISTICS (FORMERLY ABBOTT LOGISTICS BV),SKU0045,"Lopinavir/Ritonavir 100/25mg [Aluvia], tablets, 60 Tabs",Generic,60,2697,16020.18,5.94,0.1,ABBVIE Ludwigshafen Germany,1825,4126.9,16.47
22469,Zambia,PMO - US,Direct Drop,EXW,Air,18-Mar-10,18-Mar-10,HRDT,HIV test,"Orgenics, Ltd",SKU0002,"HIV 1/2, Determine Complete HIV Kit, 100 Tests",Determine,100,2639,190008,72,0.72,Inverness Japan,1276,20121.14,409.66
22477,Namibia,PMO - US,Direct Drop,EXW,Air,22-Oct-14,22-Oct-14,ARV,Adult,HETERO LABS LIMITED,SKU0107,"Lamivudine/Tenofovir Disoproxil Fumarate 300/300mg, tablets, 30 Tabs",Generic,30,24672,113984.64,4.62,0.15,Hetero Unit III Hyderabad IN,2631,12463.74,117.18
22511,Zambia,PMO - US,Direct Drop,FCA,Air,23-Apr-15,23-Apr-15,ARV,Pediatric,ABBVIE LOGISTICS (FORMERLY ABBOTT LOGISTICS BV),SKU0042,"Lopinavir/Ritonavir 80/20mg/ml [Kaletra], oral solution, cool, Bottle 5 x 60 ml",Kaletra,300,2266,69838.12,30.82,0.1,ABBVIE (Abbott) Logis. UK,2272,13949.95,71.79
22516,South Africa,PMO - US,Direct Drop,DDP,Truck,27-Aug-14,27-Aug-14,ARV,Pediatric,S. BUYS WHOLESALER,SKU0130,"Lamivudine 10mg/ml, oral solution w/syringe, Bottle, 240 ml",Generic,240,13,103.95,8,0.03,"Aurobindo Unit III, India",Weight Captured Separately,Freight Included in Commodity Cost,0.13
22531,Vietnam,PMO - US,Direct Drop,EXW,Air,7-Jan-10,7-Jan-10,ARV,Adult,CIPLA LIMITED,SKU0044,"Lamivudine/Nevirapine/Stavudine 150/200/30mg, tablets, 60 Tabs",Generic,60,19600,120540,6.15,0.1,"Cipla, Goa, India",1926,12423.96,236.26
22595,Côte d'Ivoire,PMO - US,Direct Drop,FCA,Ocean,23-Mar-12,23-Mar-12,ARV,Adult,ABBVIE LOGISTICS (FORMERLY ABBOTT LOGISTICS BV),SKU0008,"Lopinavir/Ritonavir 200/50mg [Aluvia], tablets, 120 Tabs",Aluvia,120,9800,302036,30.82,0.26,ABBVIE Ludwigshafen Germany,Weight Captured Separately,Invoiced Separately,498.36
22600,South Sudan,PMO - US,Direct Drop,EXW,Air,20-Jul-13,20-Jul-13,HRDT,HIV test,"Orgenics, Ltd",SKU0002,"HIV 1/2, Determine Complete HIV Kit, 100 Tests",Determine,100,250,22250,89,0.89,"Alere Medical Co., Ltd.",115,2561.61,27.52
22615,"Congo, DRC",PMO - US,Direct Drop,EXW,Air,30-Sep-14,30-Sep-14,ARV,Adult,STRIDES ARCOLAB LIMITED,SKU0054,"Lamivudine/Nevirapine/Zidovudine 150/200/300mg, tablets, 60 Tabs",Generic,60,980,7947.8,8.11,0.14,"Strides, Bangalore, India.",116,2322.08,8.17
22616,South Africa,PMO - US,Direct Drop,DDP,Ocean,16-Jan-12,16-Jan-12,ARV,Adult,Aurobindo Pharma Limited,SKU0026,"Efavirenz 600mg, tablets, 30 Tabs",Generic,30,128620,547921.2,4.26,0.14,"Aurobindo Unit III, India",10643,7292.26,904.07
22620,Namibia,PMO - US,Direct Drop,EXW,Air,22-Oct-14,22-Oct-14,ARV,Adult,HETERO LABS LIMITED,SKU0107,"Lamivudine/Tenofovir Disoproxil Fumarate 300/300mg, tablets, 30 Tabs",Generic,30,24096,111323.52,4.62,0.15,Hetero Unit III Hyderabad IN,2630,12463.74,114.44
22658,Rwanda,PMO - US,Direct Drop,EXW,Air,30-Mar-12,30-Mar-12,ARV,Adult,Aurobindo Pharma Limited,SKU0134,"Didanosine 400mg, delayed-release capsules, 30 Caps",Generic,30,150,3000,20,0.67,"Aurobindo Unit III, India",197,5906.43,4.95
22661,Haiti,PMO - US,Direct Drop,EXW,Air,14-Oct-14,14-Oct-14,ARV,Adult,CIPLA LIMITED,SKU0054,"Lamivudine/Nevirapine/Zidovudine 150/200/300mg, tablets, 60 Tabs",Generic,60,19835,160663.5,8.1,0.13,"Cipla, Goa, India",2866,17036.99,165.16
22670,Nigeria,PMO - US,Direct Drop,EXW,Air,19-Aug-14,5-Sep-14,HRDT,HIV test,"Orgenics, Ltd",SKU0002,"HIV 1/2, Determine Complete HIV Kit, 100 Tests",Determine,100,4177,371753,89,0.89,"Alere Medical Co., Ltd.",2755,25709.5,382.16
22675,Zimbabwe,PMO - US,Direct Drop,EXW,Air,14-Jun-14,14-Jun-14,ARV,Adult,Aurobindo Pharma Limited,SKU0107,"Lamivudine/Tenofovir Disoproxil Fumarate 300/300mg, tablets, 30 Tabs",Generic,30,32760,152334,4.65,0.16,"Aurobindo Unit VII, IN",3155,25316.94,156.6
22684,Uganda,PMO - US,Direct Drop,DDP,Air,31-May-11,31-May-11,ARV,Adult,ASPEN PHARMACARE,SKU0139,"Darunavir 300mg [Prezista], tablets, 120 Tabs",Prezista,120,259,24123.26,93.14,0.78,"Aspen-OSD, Port Elizabeth, SA",43,466,39.8
22698,Guyana,PMO - US,Direct Drop,EXW,Air,17-Aug-09,17-Aug-09,ARV,Adult,"PUETRO RICO PHARMACEUTICAL, INC.",SKU0053,"Emtricitabine/Tenofovir Disoproxil Fumarate 200/300mg [Truvada], tablets, 30 Tabs",Truvada,30,4900,147931,30.19,1.01,Gilead(Nycomed) Oranienburg DE,390,2748.16,289.94
22722,Sudan,PMO - US,Direct Drop,EXW,Air,1-Jul-11,1-Jul-11,HRDT,HIV test,"Trinity Biotech, Plc",SKU0009,"HIV 1/2, Uni-Gold HIV Kit, 20 Tests",Uni-Gold,20,207,6624,32,1.6,"Trinity Biotech, Plc",71,1626.67,10.93
22726,Namibia,PMO - US,Direct Drop,EXW,Air,20-Sep-11,20-Sep-11,HRDT,HIV test,"Orgenics, Ltd",SKU0017,"HIV 1/2, Determine HIV Kit, without Lancets, 100 Tests",Determine,100,150,11655,77.7,0.78,Inverness Japan,36,859.18,19.23
22728,Vietnam,PMO - US,Direct Drop,EXW,Air,10-Mar-10,10-Mar-10,ARV,Adult,MYLAN LABORATORIES LTD (FORMERLY MATRIX LABORATORIES),SKU0026,"Efavirenz 600mg, tablets, 30 Tabs",Generic,30,30912,200928,6.5,0.22,Mylan (formerly Matrix) Nashik,2405,11448.01,393.82
22752,South Africa,PMO - US,Direct Drop,DDP,Truck,29-Aug-14,29-Aug-14,ARV,Adult,S. BUYS WHOLESALER,SKU0029,"Tenofovir Disoproxil Fumarate 300mg, tablets, 30 Tabs",Generic,30,235,4891.53,20.82,0.69,Hetero Unit III Hyderabad IN,Weight Captured Separately,Freight Included in Commodity Cost,6.05
22761,"Congo, DRC",PMO - US,Direct Drop,EXW,Air,10-Nov-14,10-Nov-14,ARV,Pediatric,Aurobindo Pharma Limited,SKU0148,"Didanosine 200mg, delayed-release capsules, 30 Caps",Generic,30,1100,12100,11,0.37,"Aurobindo Unit III, India",95,2453.16,12.44
22778,South Africa,PMO - US,Direct Drop,DDP,Ocean,11-Jan-11,11-Jan-11,ARV,Adult,Aurobindo Pharma Limited,SKU0014,"Zidovudine 300mg, tablets, 60 Tabs",Generic,60,1033,7571.89,7.33,0.12,"Aurobindo Unit III, India",52,4295.61,16.32
22799,Haiti,PMO - US,Direct Drop,EXW,Air,10-Apr-12,10-Apr-12,ARV,Pediatric,Aurobindo Pharma Limited,SKU0147,"Didanosine 125mg, delayed-release capsules, 30 Caps",Generic,30,252,2142,8.5,0.28,"Aurobindo Unit III, India",16,1471.46,3
22812,Vietnam,PMO - US,Direct Drop,FCA,Air,11-Aug-15,11-Aug-15,ARV,Adult,ABBVIE LOGISTICS (FORMERLY ABBOTT LOGISTICS BV),SKU0118,"Ritonavir 100mg [Norvir], film coated tablets, 30 Tabs",Norvir,30,400,9304,23.26,0.78,ABBVIE Ludwigshafen Germany,Weight Captured Separately,Invoiced Separately,10.95
22815,South Africa,PMO - US,Direct Drop,DDP,Air,27-Jul-10,27-Jul-10,ARV,Adult,STRIDES ARCOLAB LIMITED,SKU0003,"Lamivudine 150mg, tablets, 60 Tabs",Generic,60,294346,756469.22,2.57,0.04,"Strides, Bangalore, India.",14550,20706.21,1630.95
22817,Rwanda,PMO - US,Direct Drop,FCA,Air,3-Mar-10,3-Mar-10,ARV,Adult,Hoffmann-La Roche ltd Basel,SKU0080,"Nelfinavir (as mesilate) 250mg [Viracept], tablets, 270 Tabs",Viracept,270,40,5037.72,125.94,0.47,Roche Madrid,11,1049.3,10.86
22843,Vietnam,PMO - US,Direct Drop,FCA,Air,16-Jan-15,16-Jan-15,ARV,Adult,ABBVIE LOGISTICS (FORMERLY ABBOTT LOGISTICS BV),SKU0118,"Ritonavir 100mg [Norvir], film coated tablets, 30 Tabs",Norvir,30,200,4652,23.26,0.78,ABBVIE Ludwigshafen Germany,Weight Captured Separately,Invoiced Separately,4.78
22855,Rwanda,PMO - US,Direct Drop,EXW,Ocean,22-Apr-13,22-Apr-13,ARV,Adult,MYLAN LABORATORIES LTD (FORMERLY MATRIX LABORATORIES),SKU0058,"Abacavir 300mg, tablets, 60 Tabs",Generic,60,37350,438862.5,11.75,0.2,Mylan (formerly Matrix) Nashik,3860,59186.46,615.29
22869,South Africa,PMO - US,Direct Drop,DDP,Truck,24-Jul-15,24-Jul-15,ARV,Adult,PHARMACY DIRECT,SKU0115,"Etravirine 100mg [Intelence], tablets, 120 Tabs",Intelence,120,27,742.84,27.51,0.23,"Janssen-Cilag, Latina, IT",Weight Captured Separately,Freight Included in Commodity Cost,0.76
22876,Vietnam,PMO - US,Direct Drop,EXW,Air,10-Jul-15,7-Jul-15,ARV,Adult,HETERO LABS LIMITED,SKU0113,"Efavirenz/Lamivudine/Tenofovir Disoproxil Fumarate 600/300/300mg, tablets, 30 Tabs",Generic,30,17760,177600,10,0.33,Hetero Unit III Hyderabad IN,Weight Captured Separately,Invoiced Separately,209.04
22964,South Africa,PMO - US,Direct Drop,DDP,Truck,29-Aug-14,29-Aug-14,ARV,Adult,S. BUYS WHOLESALER,SKU0011,"Lamivudine/Zidovudine 150/300mg, tablets, 60 Tabs",Generic,60,292,9562.36,32.75,0.55,Hetero Unit III Hyderabad IN,Weight Captured Separately,Freight Included in Commodity Cost,11.83
23015,Nigeria,PMO - US,Direct Drop,EXW,Air,19-Jan-15,16-Jan-15,HRDT,HIV test,"Orgenics, Ltd",SKU0002,"HIV 1/2, Determine Complete HIV Kit, 100 Tests",Determine,100,6110,543790,89,0.89,"Alere Medical Co., Ltd.",2474,31305.04,559.02
23023,Namibia,PMO - US,Direct Drop,EXW,Air,5-Jul-12,5-Jul-12,HRDT,HIV test,"Orgenics, Ltd",SKU0017,"HIV 1/2, Determine HIV Kit, without Lancets, 100 Tests",Determine,100,75,5827.5,77.7,0.78,Inverness Japan,19,718.32,8.17
23024,South Africa,PMO - US,Direct Drop,DDP,Ocean,17-Oct-11,17-Oct-11,ARV,Adult,HETERO LABS LIMITED,SKU0026,"Efavirenz 600mg, tablets, 30 Tabs",Generic,30,92500,435675,4.71,0.16,Hetero Unit III Hyderabad IN,7778,20684.73,718.86
23050,Côte d'Ivoire,PMO - US,Direct Drop,FCA,Air,3-Jul-12,3-Jul-12,ARV,Adult,ABBVIE LOGISTICS (FORMERLY ABBOTT LOGISTICS BV),SKU0110,"Ritonavir 100mg [Norvir], film coated tablets, 60 Tabs",Norvir,60,760,5206,6.85,0.11,ABBVIE Ludwigshafen Germany,99,1462.71,7.3
23051,Tanzania,PMO - US,Direct Drop,EXW,Air,27-Dec-13,27-Dec-13,ARV,Adult,CIPLA LIMITED,SKU0054,"Lamivudine/Nevirapine/Zidovudine 150/200/300mg, tablets, 60 Tabs",Generic,60,16245,131584.5,8.1,0.13,"Cipla, Goa, India",2368,11363.07,162.77
23070,Malawi,PMO - US,Direct Drop,EXW,Air,2-Oct-13,2-Oct-13,HRDT,HIV test,"Trinity Biotech, Plc",SKU0009,"HIV 1/2, Uni-Gold HIV Kit, 20 Tests",Uni-Gold,20,32,1024,32,1.6,"Trinity Biotech, Plc",17,703.25,1.27
23076,South Sudan,PMO - US,Direct Drop,EXW,Air,12-Sep-13,12-Sep-13,HRDT,HIV test,"Trinity Biotech, Plc",SKU0009,"HIV 1/2, Uni-Gold HIV Kit, 20 Tests",Uni-Gold,20,450,14400,32,1.6,"Trinity Biotech, Plc",165,2329.14,17.81
23096,South Africa,PMO - US,Direct Drop,DDP,Truck,24-Aug-15,24-Aug-15,ARV,Adult,PHARMACY DIRECT,SKU0129,"Raltegravir 400mg [Isentress], tablets, 60 Tabs",Isentress,60,1,65.75,65.75,1.1,"MSD, Haarlem, NL",Weight Captured Separately,Freight Included in Commodity Cost,0.07
23105,Vietnam,PMO - US,Direct Drop,FCA,Air,9-May-11,9-May-11,ARV,Adult,ABBVIE LOGISTICS (FORMERLY ABBOTT LOGISTICS BV),SKU0052,"Ritonavir 100mg [Norvir], capsules, cool, 4 x 84 Caps",Norvir,336,14,2891.14,206.51,0.61,ABBVIE (Abbott) Logis. UK,52,7339.84,4.77
23120,South Africa,PMO - US,Direct Drop,DDP,Truck,24-Aug-15,24-Aug-15,ARV,Adult,PHARMACY DIRECT,SKU0029,"Tenofovir Disoproxil Fumarate 300mg, tablets, 30 Tabs",Generic,30,36,534.69,14.85,0.5,Mylan (formerly Matrix) Nashik,Weight Captured Separately,Freight Included in Commodity Cost,0.55
23149,South Sudan,PMO - US,Direct Drop,EXW,Air,2-Jul-15,7-Jul-15,HRDT,HIV test - Ancillary,"Orgenics, Ltd",SKU0084,"Capillary Tubes, for Determine, EDTA, 50uL,100 Pcs",Determine,100,20,160,8,0.08,"Alere Medical Co., Ltd.",See ASN-32106 (ID#:19172),See ASN-32106 (ID#:19172),0.19
23156,Vietnam,PMO - US,Direct Drop,EXW,Air,13-Aug-14,30-Jul-14,ARV,Adult,HETERO LABS LIMITED,SKU0113,"Efavirenz/Lamivudine/Tenofovir Disoproxil Fumarate 600/300/300mg, tablets, 30 Tabs",Generic,30,16528,173544,10.5,0.35,Hetero Unit III Hyderabad IN,3283,5173.14,178.4
23159,Vietnam,PMO - US,Direct Drop,FCA,Air,6-Sep-10,6-Sep-10,ARV,Adult,ABBVIE LOGISTICS (FORMERLY ABBOTT LOGISTICS BV),SKU0052,"Ritonavir 100mg [Norvir], capsules, cool, 4 x 84 Caps",Norvir,336,24,7365.12,306.88,0.91,ABBVIE (Abbott) Logis. UK,60,3981.97,15.88
23173,Haiti,PMO - US,Direct Drop,EXW,Ocean,31-Mar-15,31-Mar-15,ARV,Adult,MYLAN LABORATORIES LTD (FORMERLY MATRIX LABORATORIES),SKU0011,"Lamivudine/Zidovudine 150/300mg, tablets, 60 Tabs",Generic,60,75816,492045.84,6.49,0.11,Mylan (formerly Matrix) Nashik,6452,10477.63,505.82
23192,Vietnam,PMO - US,Direct Drop,EXW,Air,23-Apr-14,23-Apr-14,ARV,Adult,HETERO LABS LIMITED,SKU0029,"Tenofovir Disoproxil Fumarate 300mg, tablets, 30 Tabs",Generic,30,9683,34374.65,3.55,0.12,Hetero Unit III Hyderabad IN,See ASN-24394 (ID#:16053),See ASN-24394 (ID#:16053),42.52
23194,Haiti,PMO - US,Direct Drop,FCA,Air,5-Apr-11,5-Apr-11,ARV,Pediatric,BRISTOL-MYERS SQUIBB,SKU0028,"Didanosine 25mg [Videx], chewable tablets, 60 Tabs",Videx,60,160,1120,7,0.12,"BMS Meymac, France",43,1082.89,1.85
23211,Tanzania,PMO - US,Direct Drop,EXW,Ocean,27-May-14,27-May-14,ARV,Adult,MYLAN LABORATORIES LTD (FORMERLY MATRIX LABORATORIES),SKU0132,"Efavirenz/Emtricitabine/Tenofovir Disoproxil Fumarate 600/200/300mg, tablets, 30 Tabs",Generic,30,35000,410900,11.74,0.39,Mylan (formerly Matrix) Nashik,See ASN-25567 (ID#:21563),See ASN-25567 (ID#:21563),422.41
23223,South Africa,PMO - US,Direct Drop,DDP,Truck,11-Jul-14,11-Jul-14,ARV,Pediatric,S. BUYS WHOLESALER,SKU0144,"Atazanavir 150mg [Reyataz], capsules, 60 Caps",Reyataz,60,2,51.37,25.68,0.43,"BMS Evansville, US",Weight Captured Separately,Freight Included in Commodity Cost,0.06
23224,South Africa,PMO - US,Direct Drop,DDP,Ocean,10-Oct-11,10-Oct-11,ARV,Adult,Aurobindo Pharma Limited,SKU0026,"Efavirenz 600mg, tablets, 30 Tabs",Generic,30,110291,497412.41,4.51,0.15,"Aurobindo Unit III, India",9375,9951.38,820.73
23238,Haiti,PMO - US,Direct Drop,EXW,Ocean,20-Oct-14,20-Oct-14,ARV,Pediatric,MYLAN LABORATORIES LTD (FORMERLY MATRIX LABORATORIES),SKU0138,"Abacavir/Lamivudine 60/30mg, tablets, 60 Tabs",Generic,60,2160,8532,3.95,0.07,Mylan (formerly Matrix) Nashik,See ASN-27545 (ID#:22160),See ASN-27545 (ID#:22160),8.77
23267,South Africa,PMO - US,Direct Drop,DDP,Truck,29-Aug-14,29-Aug-14,ARV,Pediatric,S. BUYS WHOLESALER,SKU0049,"Efavirenz 50mg, capsule, 30 Caps",Generic,30,92,305.1,3.32,0.11,"Aurobindo Unit III, India",Weight Captured Separately,Freight Included in Commodity Cost,0.38
23280,South Africa,PMO - US,Direct Drop,DDP,Air,24-Aug-10,24-Aug-10,ARV,Adult,Aurobindo Pharma Limited,SKU0026,"Efavirenz 600mg, tablets, 30 Tabs",Generic,30,57600,268992,4.67,0.16,"Aurobindo Unit III, India",4872,5886.9,579.95
23283,South Africa,PMO - US,Direct Drop,DDP,Air,24-Aug-10,19-Nov-10,ARV,Adult,Aurobindo Pharma Limited,SKU0003,"Lamivudine 150mg, tablets, 60 Tabs",Generic,60,2004,5070.12,2.53,0.04,"Aurobindo Unit III, India",3,1791.41,10.93
23315,Rwanda,PMO - US,Direct Drop,EXW,Air,17-Feb-15,17-Feb-15,ARV,Pediatric,EMCURE PHARMACEUTICALS LTD,SKU0143,"Atazanavir 150mg, capsules, 60 Caps",Generic,60,912,18240,20,0.33,"Emcure Plot No.P-2, I.T-B.T. Park, Phase II, MIDC, Hinjwadi, Pune, India",102,1600.98,21.47
23340,Nigeria,PMO - US,Direct Drop,EXW,Air,9-Jan-12,9-Jan-12,ANTM,Malaria,IDA FOUNDATION,SKU0151,"Sulfadoxine/Pyrimethamine 500/25mg, tablets, Blister 10 x 3 Tabs",Generic,30,300,477,1.59,0.05,"Micro Labs Ltd. (Brown & Burk), India",14,350.02,0.67
23365,Rwanda,PMO - US,Direct Drop,CIP,Air,15-Apr-10,15-Apr-10,ARV,Adult,Aurobindo Pharma Limited,SKU0069,"Didanosine 250mg, delayed-release capsules, 30 Caps",Generic,30,558,8174.7,14.65,0.49,"Aurobindo Unit III, India",1297,23760.45,16.02
23370,Zimbabwe,PMO - US,Direct Drop,EXW,Air,21-Jan-14,21-Jan-14,ARV,Adult,MYLAN LABORATORIES LTD (FORMERLY MATRIX LABORATORIES),SKU0152,"Abacavir/Lamivudine 600/300mg, tablets, 30 Tabs",Generic,30,9810,132336.9,13.49,0.45,Mylan (formerly Matrix) Nashik,962,6773.13,163.7
23375,Haiti,PMO - US,Direct Drop,EXW,Air,26-Mar-15,26-Mar-15,ARV,Adult,HETERO LABS LIMITED,SKU0003,"Lamivudine 150mg, tablets, 60 Tabs",Generic,60,3600,6480,1.8,0.03,Hetero Unit III Hyderabad IN,216,2612.79,6.66
23381,Zimbabwe,PMO - US,Direct Drop,CIF,Air,10-May-11,10-May-11,HRDT,HIV test,BIOLYTICAL LABORATORIES INC.,SKU0064,"#109440**HIV 1/2, INSTI HIV Antibody Individual POC, 1 Test",INSTi,1,7199,23396.75,3.25,3.25,bioLytical Laboratories,369,1014.5,38.6
23387,South Africa,PMO - US,Direct Drop,DDP,Truck,24-Jul-15,24-Jul-15,ARV,Adult,PHARMACY DIRECT,SKU0003,"Lamivudine 150mg, tablets, 60 Tabs",Generic,60,74,521.82,7.05,0.12,"Aurobindo Unit III, India",Weight Captured Separately,Freight Included in Commodity Cost,0.54
23404,South Sudan,PMO - US,Direct Drop,EXW,Air,3-Jun-15,3-Jun-15,HRDT,HIV test - Ancillary,"Orgenics, Ltd",SKU0136,"Chase Buffer, Determine, 100 Tests, 2.5ml x 1 Vial",Determine,1,20,100,5,5,"Alere Medical Co., Ltd.",See ASN-31323 (ID#:14240),See ASN-31323 (ID#:14240),0.12
23445,Côte d'Ivoire,PMO - US,Direct Drop,EXW,Air,30-Jun-14,30-Jun-14,ARV,Adult,MYLAN LABORATORIES LTD (FORMERLY MATRIX LABORATORIES),SKU0119,"Atazanavir/Ritonavir 300/100mg, tablets, 30 Tabs",Generic,30,2100,42000,20,0.67,Mylan (formerly Matrix) Nashik,293,3316.79,51.95
23452,Zimbabwe,PMO - US,Direct Drop,FCA,Air,2-Apr-12,2-Apr-12,ARV,Pediatric,ABBVIE LOGISTICS (FORMERLY ABBOTT LOGISTICS BV),SKU0042,"Lopinavir/Ritonavir 80/20mg/ml [Kaletra], oral solution, cool, Bottle 5 x 60 ml",Kaletra,300,1251,38555.82,30.82,0.1,ABBVIE (Abbott) Logis. UK,Weight Captured Separately,Invoiced Separately,83.13
23466,Rwanda,PMO - US,Direct Drop,CIP,Air,26-Apr-10,26-Apr-10,ARV,Adult,Aurobindo Pharma Limited,SKU0135,"Lopinavir/Ritonavir 200/50mg, tablets, 120 Tabs",Generic,120,2240,83686.4,37.36,0.31,"Aurobindo Unit III, India",554,7531.78,164.03
23467,South Africa,PMO - US,Direct Drop,DDP,Ocean,2-Nov-11,2-Nov-11,ARV,Adult,CIPLA LIMITED,SKU0007,"Nevirapine 200mg, tablets, 60 Tabs",Generic,60,89674,243913.28,2.72,0.05,"Cipla, Goa, India",9667,17703.62,402.46
23488,South Sudan,PMO - US,Direct Drop,EXW,Air,29-Sep-14,29-Sep-14,HRDT,HIV test,"Trinity Biotech, Plc",SKU0009,"HIV 1/2, Uni-Gold HIV Kit, 20 Tests",Uni-Gold,20,25,800,32,1.6,"Trinity Biotech, Plc",175,4011.66,0.82
23509,South Africa,PMO - US,Direct Drop,DDP,Truck,12-Aug-09,12-Aug-09,ARV,Adult,S. BUYS WHOLESALER,SKU0008,"Lopinavir/Ritonavir 200/50mg [Aluvia], tablets, 120 Tabs",Aluvia,120,8000,375880.98,46.99,0.39,ABBVIE Ludwigshafen Germany,Weight Captured Separately,Freight Included in Commodity Cost,736.73
23524,Côte d'Ivoire,PMO - US,Direct Drop,CIP,Air,20-Feb-12,20-Feb-12,ARV,Pediatric,MERCK SHARP & DOHME IDEA GMBH (FORMALLY MERCK SHARP & DOHME B.V.),SKU0102,"Efavirenz 30mg/ml [Stocrin/Sustiva], oral solution, Bottle, 180 ml",Stocrin/Sustiva,180,1184,20080.64,16.96,0.09,"MSD, Haarlem, NL",361,783.22,33.13
23557,South Africa,PMO - US,Direct Drop,DDP,Truck,11-Aug-09,12-Aug-09,ARV,Adult,S. BUYS WHOLESALER,SKU0021,"Tenofovir Disoproxil Fumarate 300mg [Viread], tablets, 30 Tabs",Viread,30,2837,73030.7,25.74,0.86,"Aspen-OSD, Port Elizabeth, SA",Weight Captured Separately,Freight Included in Commodity Cost,143.14
23573,Nigeria,PMO - US,Direct Drop,EXW,Air,27-Jul-11,27-Jul-11,HRDT,HIV test,"Orgenics, Ltd",SKU0002,"HIV 1/2, Determine Complete HIV Kit, 100 Tests",Determine,100,2687,239143,89,0.89,Inverness Japan,1277,26014.88,394.59
23584,Uganda,PMO - US,Direct Drop,CIP,Air,17-Nov-09,17-Nov-09,ARV,Adult,MERCK SHARP & DOHME IDEA GMBH (FORMALLY MERCK SHARP & DOHME B.V.),SKU0094,"Indinavir 400mg [Crixivan], capsules, 180 Caps",Crixivan,180,48,2400,50,0.28,"MSD, Haarlem, NL",11,48,4.7
23596,South Africa,PMO - US,Direct Drop,DDP,Truck,6-Feb-14,6-Feb-14,ARV,Adult,S. BUYS WHOLESALER,SKU0007,"Nevirapine 200mg, tablets, 60 Tabs",Generic,60,226,4088.15,18.09,0.3,"Cipla, Goa, India",Weight Captured Separately,Freight Included in Commodity Cost,5.06
23664,Vietnam,PMO - US,Direct Drop,EXW,Air,9-Nov-10,9-Nov-10,ARV,Adult,MYLAN LABORATORIES LTD (FORMERLY MATRIX LABORATORIES),SKU0026,"Efavirenz 600mg, tablets, 30 Tabs",Generic,30,42836,184194.8,4.3,0.14,Mylan (formerly Matrix) Nashik,3494,10711.06,397.12
23666,South Africa,PMO - US,Direct Drop,DDP,Truck,13-Jan-14,13-Jan-14,ARV,Pediatric,S. BUYS WHOLESALER,SKU0130,"Lamivudine 10mg/ml, oral solution w/syringe, Bottle, 240 ml",Generic,240,54,382.47,7.08,0.03,"Aurobindo Unit III, India",Weight Captured Separately,Freight Included in Commodity Cost,0.39
23691,Vietnam,PMO - US,Direct Drop,EXW,Air,2-Jul-13,2-Jul-13,ARV,Adult,MICRO LABS LIMITED,SKU0026,"Efavirenz 600mg, tablets, 30 Tabs",Generic,30,30118,97281.14,3.23,0.11,"Micro labs, Verna, Goa, India",1782,9648.44,120.34
23718,Botswana,PMO - US,Direct Drop,EXW,Air,4-Mar-10,4-Mar-10,HRDT,HIV test - Ancillary,"Trinity Biotech, Plc",SKU0039,"#109436**HIV 1, Uni-Gold Recombigen HIV Control, Vial 2 x 0.5 ml",Uni-Gold,2,15,465,31,15.5,"Trinity Biotech, Plc",1,599.73,1
23724,South Africa,PMO - US,Direct Drop,DDP,Ocean,23-Sep-11,23-Sep-11,ARV,Pediatric,GLAXOSMITHKLINE EXPORT LIMITED,SKU0087,"Abacavir 20mg/ml [Ziagen], oral solution, Bottle, 240 ml",Ziagen,240,20000,185600,9.28,0.04,GSK Mississauga (Canada),7656,9650.6,306.24
23727,South Africa,PMO - US,Direct Drop,DDP,Truck,24-Aug-15,24-Aug-15,ARV,Adult,PHARMACY DIRECT,SKU0069,"Didanosine 250mg, delayed-release capsules, 30 Caps",Generic,30,6,71.03,11.84,0.39,"Aurobindo Unit III, India",Weight Captured Separately,Freight Included in Commodity Cost,0.07
23750,Tanzania,PMO - US,Direct Drop,EXW,Air,23-Dec-13,23-Dec-13,HRDT,HIV test,"Trinity Biotech, Plc",SKU0009,"HIV 1/2, Uni-Gold HIV Kit, 20 Tests",Uni-Gold,20,3,96,32,1.6,"Trinity Biotech, Plc",0,1002.35,0.12
24115,Kenya,PMO - US,Direct Drop,CIP,Air,21-Feb-12,21-Feb-12,HRDT,HIV test,EY Laboratories,SKU0010,"HIV 1/2, InstantChek HIV 1+2 Kit, 100 Tests",InstantCHEK,100,15,1125,75,0.75,"EY Laboratories, USA",18,803.6,1.58
23756,Namibia,PMO - US,Direct Drop,EXW,Air,19-Nov-14,19-Nov-14,ARV,Adult,HETERO LABS LIMITED,SKU0054,"Lamivudine/Nevirapine/Zidovudine 150/200/300mg, tablets, 60 Tabs",Generic,60,33516,277847.64,8.29,0.14,"Hetero, Jadcherla, unit 5, IN",4237,6786.64,285.63
23787,Botswana,PMO - US,Direct Drop,EXW,Air,3-Mar-10,3-Mar-10,HRDT,HIV test,"Trinity Biotech, Plc",SKU0009,"HIV 1/2, Uni-Gold HIV Kit, 20 Tests",Uni-Gold,20,5,160,32,1.6,"Trinity Biotech, Plc",3,603.53,0.31
23791,South Africa,PMO - US,Direct Drop,DDP,Truck,3-Oct-14,3-Oct-14,ARV,Adult,PHARMACY DIRECT,SKU0129,"Raltegravir 400mg [Isentress], tablets, 60 Tabs",Isentress,60,6,507.86,84.64,1.41,"MSD, Haarlem, NL",Weight Captured Separately,Freight Included in Commodity Cost,0.52
23831,Haiti,PMO - US,Direct Drop,EXW,Air,14-Apr-14,14-Apr-14,HRDT,HIV test,"SHANGHAI KEHUA BIOENGINEERING CO.,LTD.  (KHB)",SKU0063,"HIV 1/2, SKB Colloidal Gold, Diagnostic Kit, Antibody, 50 Tests",Colloidal Gold,1,350,8575,24.5,24.5,"KHB Test Kit Facility, Shanghai China",240,3126.61,8.82
23842,South Africa,PMO - US,Direct Drop,DDP,Truck,29-Aug-14,29-Aug-14,ARV,Adult,S. BUYS WHOLESALER,SKU0008,"Lopinavir/Ritonavir 200/50mg [Aluvia], tablets, 120 Tabs",Aluvia,120,101,2601.73,25.76,0.21,ABBVIE Ludwigshafen Germany,Weight Captured Separately,Freight Included in Commodity Cost,3.22
23866,Vietnam,PMO - US,Direct Drop,FCA,Air,15-Sep-09,15-Sep-09,ARV,Adult,ABBVIE LOGISTICS (FORMERLY ABBOTT LOGISTICS BV),SKU0008,"Lopinavir/Ritonavir 200/50mg [Aluvia], tablets, 120 Tabs",Aluvia,120,560,46032,82.2,0.68,ABBVIE Ludwigshafen Germany,83,436.86,90.22
29224,Swaziland,PMO - US,Direct Drop,EXW,Air,31-May-12,31-May-12,HRDT,HIV test,"Trinity Biotech, Plc",SKU0009,"HIV 1/2, Uni-Gold HIV Kit, 20 Tests",Uni-Gold,20,160,5120,32,1.6,"Trinity Biotech, Plc",59,1099.39,7.18
23875,Côte d'Ivoire,PMO - US,Direct Drop,FCA,Ocean,23-Mar-12,23-Mar-12,ARV,Adult,ABBVIE LOGISTICS (FORMERLY ABBOTT LOGISTICS BV),SKU0008,"Lopinavir/Ritonavir 200/50mg [Aluvia], tablets, 120 Tabs",Aluvia,120,20580,634275.6,30.82,0.26,ABBVIE Ludwigshafen Germany,5139,40289,1046.55
23904,Vietnam,PMO - US,Direct Drop,EXW,Air,20-Mar-10,20-Mar-10,ARV,Adult,MYLAN LABORATORIES LTD (FORMERLY MATRIX LABORATORIES),SKU0014,"Zidovudine 300mg, tablets, 60 Tabs",Generic,60,168,1260,7.5,0.12,Mylan (formerly Matrix) Nashik,9,4138.11,2.47
23939,South Africa,PMO - US,Direct Drop,DDP,Ocean,8-Nov-11,8-Nov-11,ARV,Adult,Aurobindo Pharma Limited,SKU0026,"Efavirenz 600mg, tablets, 30 Tabs",Generic,30,249500,1125245,4.51,0.15,"Aurobindo Unit III, India",21205,25129.15,1856.65
23957,Vietnam,PMO - US,Direct Drop,EXW,Air,17-Dec-14,17-Dec-14,ARV,Adult,HETERO LABS LIMITED,SKU0113,"Efavirenz/Lamivudine/Tenofovir Disoproxil Fumarate 600/300/300mg, tablets, 30 Tabs",Generic,30,19200,201600,10.5,0.35,Hetero Unit III Hyderabad IN,2877,4312.92,207.24
23967,South Africa,PMO - US,Direct Drop,DDP,Truck,5-Nov-14,5-Nov-14,ARV,Adult,PHARMACY DIRECT,SKU0058,"Abacavir 300mg, tablets, 60 Tabs",Generic,60,84,5795.22,68.99,1.15,"Aurobindo Unit III, India",Weight Captured Separately,Freight Included in Commodity Cost,5.96
23993,Dominican Republic,PMO - US,Direct Drop,EXW,Truck,22-Oct-10,22-Oct-10,ARV,Adult,"ABBVIE, SRL (FORMALLY ABBOTT LABORATORIES INTERNATIONAL CO.)",SKU0153,"Ritonavir 100mg [Norvir], capsules, cool, 2 x 84 Caps",Norvir,168,52,7488,144,0.86,ABBVIE (Abbott) St. P'burg USA,Weight Captured Separately,Invoiced Separately,16.14
24018,Kenya,PMO - US,Direct Drop,EXW,Air,6-Nov-09,6-Nov-09,HRDT,HIV test,"Orgenics, Ltd",SKU0002,"HIV 1/2, Determine Complete HIV Kit, 100 Tests",Determine,100,20000,1600000,80,0.8,Inverness Japan,5902,52057.8,3136
24028,Nigeria,PMO - US,Direct Drop,EXW,Air,9-Jan-13,20-Mar-13,HRDT,HIV test,"Orgenics, Ltd",SKU0002,"HIV 1/2, Determine Complete HIV Kit, 100 Tests",Determine,100,2874,255786,89,0.89,"Alere Medical Co., Ltd.",1252,26380.35,358.61
24048,"Congo, DRC",PMO - US,Direct Drop,EXW,Air,4-Nov-14,4-Nov-14,HRDT,HIV test,"Trinity Biotech, Plc",SKU0009,"HIV 1/2, Uni-Gold HIV Kit, 20 Tests",Uni-Gold,20,353,11296,32,1.6,"Trinity Biotech, Plc",See ASN-28279 (ID#:13547),See ASN-28279 (ID#:13547),11.61
24051,Tanzania,PMO - US,Direct Drop,EXW,Air,24-Dec-09,24-Dec-09,HRDT,HIV test,"Standard Diagnostics, Inc.",SKU0086,"HIV 1/2, Bioline 3.0 Kit, (no accessories), 30 Tests",Bioline,30,9720,233280,24,0.8,"Standard Diagnostics, Korea",3240,36096.76,457.23
24053,Tanzania,PMO - US,Direct Drop,EXW,Air,23-Apr-13,23-Apr-13,HRDT,HIV test,"Trinity Biotech, Plc",SKU0009,"HIV 1/2, Uni-Gold HIV Kit, 20 Tests",Uni-Gold,20,107,3424,32,1.6,"Trinity Biotech, Plc",39,1158.73,4.24
24060,Rwanda,PMO - US,Direct Drop,CIP,Air,23-Nov-09,23-Nov-09,ARV,Adult,HETERO LABS LIMITED,SKU0003,"Lamivudine 150mg, tablets, 60 Tabs",Generic,60,10620,27505.8,2.59,0.04,Hetero Unit III Hyderabad IN,593,730.81,53.91
24116,South Africa,PMO - US,Direct Drop,DDP,Truck,27-Aug-14,27-Aug-14,ARV,Pediatric,S. BUYS WHOLESALER,SKU0066,"Efavirenz 200mg, capsule, 90 Caps",Generic,90,25,659.22,26.37,0.29,"Aurobindo Unit III, India",Weight Captured Separately,Freight Included in Commodity Cost,0.82
24123,Zimbabwe,PMO - US,Direct Drop,FCA,Air,24-Jun-14,24-Jun-14,ARV,Pediatric,ABBVIE LOGISTICS (FORMERLY ABBOTT LOGISTICS BV),SKU0045,"Lopinavir/Ritonavir 100/25mg [Aluvia], tablets, 60 Tabs",Generic,60,9670,57439.8,5.94,0.1,ABBVIE Ludwigshafen Germany,1128,13330.73,59.05
24129,Sudan,PMO - US,Direct Drop,EXW,Air,6-Jan-12,6-Jan-12,HRDT,HIV test,"Orgenics, Ltd",SKU0002,"HIV 1/2, Determine Complete HIV Kit, 100 Tests",Determine,100,77,6853,89,0.89,"Alere Medical Co., Ltd.",36,1712.6,11.31
24151,Haiti,PMO - US,Direct Drop,CIP,Air,7-Sep-15,7-Sep-15,ARV,Adult,"MSD LATIN AMERICA SERVICES, S. DE R.L. DE C.V.",SKU0129,"Raltegravir 400mg [Isentress], tablets, 60 Tabs",Isentress,60,400,22200,55.5,0.92,"MSD, Haarlem, NL",Weight Captured Separately,Freight Included in Commodity Cost,26.13
24187,South Africa,PMO - US,Direct Drop,DDP,Ocean,1-Feb-11,4-Mar-11,ARV,Adult,Aurobindo Pharma Limited,SKU0026,"Efavirenz 600mg, tablets, 30 Tabs",Generic,30,116218,526467.54,4.53,0.15,"Aurobindo Unit III, India",12410,10446.37,1135.06
24192,Kenya,PMO - US,Direct Drop,EXW,Air,10-Feb-11,10-Feb-11,HRDT,HIV test,"Orgenics, Ltd",SKU0002,"HIV 1/2, Determine Complete HIV Kit, 100 Tests",Determine,100,1,89,89,0.89,Inverness Japan,800,8826,0.19
24246,Ethiopia,PMO - US,Direct Drop,FCA,Air,27-Jun-12,27-Jun-12,ARV,Pediatric,ABBVIE LOGISTICS (FORMERLY ABBOTT LOGISTICS BV),SKU0042,"Lopinavir/Ritonavir 80/20mg/ml [Kaletra], oral solution, cool, Bottle 5 x 60 ml",Kaletra,300,700,21574,30.82,0.1,ABBVIE (Abbott) Logis. UK,1050,4672.77,30.25
24270,South Africa,PMO - US,Direct Drop,DDP,Air,24-Aug-10,20-Sep-10,ARV,Adult,Aurobindo Pharma Limited,SKU0003,"Lamivudine 150mg, tablets, 60 Tabs",Generic,60,34067,86189.51,2.53,0.04,"Aurobindo Unit III, India",1828,1791.42,185.82
24276,Zimbabwe,PMO - US,Direct Drop,EXW,Air,7-Nov-14,7-Nov-14,HRDT,HIV test,"Orgenics, Ltd",SKU0002,"HIV 1/2, Determine Complete HIV Kit, 100 Tests",Determine,100,7233,578640,80,0.8,"Alere Medical Co., Ltd.",2933,42028.45,594.84
24285,South Africa,PMO - US,Direct Drop,DDP,Truck,3-Oct-14,3-Oct-14,ARV,Adult,PHARMACY DIRECT,SKU0069,"Didanosine 250mg, delayed-release capsules, 30 Caps",Generic,30,1,15.25,15.25,0.51,"Aurobindo Unit III, India",Weight Captured Separately,Freight Included in Commodity Cost,0.02
24297,"Congo, DRC",PMO - US,Direct Drop,EXW,Air,9-Oct-14,9-Oct-14,ANTM,Malaria,AMSTELFARMA B.V.,SKU0088,"Sulfadoxine/Pyrimethamine 500/25mg, tablets, 1000 Tabs",Generic,1000,1070,25680,24,0.02,"Micro Labs, Hosur, India",902,5914,26.4
24300,South Africa,PMO - US,Direct Drop,DDP,Truck,27-Aug-14,27-Aug-14,ARV,Pediatric,S. BUYS WHOLESALER,SKU0130,"Lamivudine 10mg/ml, oral solution w/syringe, Bottle, 240 ml",Generic,240,13,103.95,8,0.03,"Aurobindo Unit III, India",Weight Captured Separately,Freight Included in Commodity Cost,0.13
24324,South Africa,PMO - US,Direct Drop,DDP,Air,7-Jul-10,7-Jul-10,ARV,Adult,STRIDES ARCOLAB LIMITED,SKU0003,"Lamivudine 150mg, tablets, 60 Tabs",Generic,60,303125,779031.25,2.57,0.04,"Strides, Bangalore, India.",15006,20134.62,1679.59
24345,Vietnam,PMO - US,Direct Drop,EXW,Air,22-Jun-10,22-Jun-10,ARV,Adult,STRIDES ARCOLAB LIMITED,SKU0054,"Lamivudine/Nevirapine/Zidovudine 150/200/300mg, tablets, 60 Tabs",Generic,60,20651,227161,11,0.18,"Strides, Bangalore, India.",2367,10648.45,489.76
24358,Tanzania,PMO - US,Direct Drop,FCA,Air,2-Oct-14,2-Oct-14,ARV,Pediatric,ABBVIE LOGISTICS (FORMERLY ABBOTT LOGISTICS BV),SKU0045,"Lopinavir/Ritonavir 100/25mg [Aluvia], tablets, 60 Tabs",Generic,60,5273,31321.62,5.94,0.1,ABBVIE Ludwigshafen Germany,668,4835.39,32.2
24366,Ethiopia,PMO - US,Direct Drop,EXW,Air,18-May-12,18-May-12,HRDT,HIV test,"SHANGHAI KEHUA BIOENGINEERING CO.,LTD.  (KHB)",SKU0063,"HIV 1/2, SKB Colloidal Gold, Diagnostic Kit, Antibody, 50 Tests",Colloidal Gold,1,1362,33369,24.5,24.5,"KHB Test Kit Facility, Shanghai China",970,9718.85,46.78
24368,Haiti,PMO - US,Direct Drop,EXW,Air,10-Jun-15,10-Jun-15,ARV,Pediatric,Aurobindo Pharma Limited,SKU0005,"Zidovudine 10mg/ml, oral solution, Bottle, 240 ml",Generic,240,5730,10887,1.9,0.01,"Aurobindo Unit III, India",2254,12791.34,11.19
24374,Rwanda,PMO - US,Direct Drop,CIP,Air,27-Jan-10,27-Jan-10,ARV,Adult,Aurobindo Pharma Limited,SKU0029,"Tenofovir Disoproxil Fumarate 300mg, tablets, 30 Tabs",Generic,30,5520,47251.2,8.56,0.29,"Aurobindo Unit III, India",516,2355.52,92.61
24384,Uganda,PMO - US,Direct Drop,DAP,Air,14-Dec-12,14-Dec-12,ARV,Adult,ASPEN PHARMACARE,SKU0139,"Darunavir 300mg [Prezista], tablets, 120 Tabs",Prezista,120,288,19180.8,66.6,0.55,"Aspen-OSD, Port Elizabeth, SA",94,1061,23.73
24386,Nigeria,PMO - US,Direct Drop,EXW,Air,24-Jun-15,24-Jun-15,ARV,Adult,HETERO LABS LIMITED,SKU0011,"Lamivudine/Zidovudine 150/300mg, tablets, 60 Tabs",Generic,60,58462,385849.2,6.6,0.11,Hetero Unit III Hyderabad IN,6093,42199.11,454.14
24427,Zambia,PMO - US,Direct Drop,EXW,Air,28-Jan-10,28-Jan-10,HRDT,HIV test - Ancillary,"Orgenics, Ltd",SKU0022,"HIV, Lancet, Safety, for HIV Test kits, 100 Pcs",Generic,100,7000,35000,5,0.05,Inverness Japan,1382,18369.56,68.6
24440,South Africa,PMO - US,Direct Drop,DDP,Truck,13-Aug-14,13-Aug-14,ARV,Pediatric,S. BUYS WHOLESALER,SKU0042,"Lopinavir/Ritonavir 80/20mg/ml [Kaletra], oral solution, cool, Bottle 5 x 60 ml",Kaletra,300,2,46.9,23.45,0.08,ABBVIE (Abbott) Logis. UK,Weight Captured Separately,Freight Included in Commodity Cost,0.06
24461,South Africa,PMO - US,Direct Drop,DDP,Truck,29-Aug-14,29-Aug-14,ARV,Pediatric,S. BUYS WHOLESALER,SKU0049,"Efavirenz 50mg, capsule, 30 Caps",Generic,30,119,394.64,3.32,0.11,"Aurobindo Unit III, India",Weight Captured Separately,Freight Included in Commodity Cost,0.49
24473,Uganda,PMO - US,Direct Drop,DDP,Air,5-Jul-12,5-Jul-12,ARV,Adult,ASPEN PHARMACARE,SKU0115,"Etravirine 100mg [Intelence], tablets, 120 Tabs",Intelence,120,144,10800,75,0.62,"Janssen-Cilag, Latina, IT",47,449,15.14
24488,South Africa,PMO - US,Direct Drop,DDP,Truck,9-Mar-15,9-Mar-15,ARV,Adult,PHARMACY DIRECT,SKU0139,"Darunavir 300mg [Prezista], tablets, 120 Tabs",Prezista,120,47,2215.03,47.13,0.39,"Janssen-Cilag, Latina, IT",Weight Captured Separately,Freight Included in Commodity Cost,2.28
24519,Rwanda,PMO - US,Direct Drop,EXW,Air,23-Nov-11,23-Nov-11,HRDT,HIV test,"Trinity Biotech, Plc",SKU0009,"HIV 1/2, Uni-Gold HIV Kit, 20 Tests",Uni-Gold,20,873,27936,32,1.6,"Trinity Biotech, Plc",292,6233.79,46.09
24530,Kenya,PMO - US,Direct Drop,EXW,Air,4-Nov-11,4-Nov-11,HRDT,HIV test,"Trinity Biotech, Plc",SKU0009,"HIV 1/2, Uni-Gold HIV Kit, 20 Tests",Uni-Gold,20,1500,48000,32,1.6,"Trinity Biotech, Plc",499,4976.33,79.2
24547,Guyana,PMO - US,Direct Drop,EXW,Air,9-Aug-10,9-Aug-10,HRDT,HIV test,"Orgenics, Ltd",SKU0002,"HIV 1/2, Determine Complete HIV Kit, 100 Tests",Determine,100,618,55620,90,0.9,Inverness Japan,304,6363.92,119.92
24571,Namibia,PMO - US,Direct Drop,EXW,Air,19-Nov-14,19-Nov-14,ARV,Adult,HETERO LABS LIMITED,SKU0054,"Lamivudine/Nevirapine/Zidovudine 150/200/300mg, tablets, 60 Tabs",Generic,60,12788,106012.52,8.29,0.14,"Hetero, Jadcherla, unit 5, IN",See ASN-29097 (ID#:17900),See ASN-29097 (ID#:17900),108.98
24581,South Africa,PMO - US,Direct Drop,DDP,Truck,12-May-15,12-May-15,ARV,Adult,PHARMACY DIRECT,SKU0115,"Etravirine 100mg [Intelence], tablets, 120 Tabs",Intelence,120,3,76.78,25.59,0.21,"Janssen-Cilag, Latina, IT",Weight Captured Separately,Freight Included in Commodity Cost,0.08
24591,Vietnam,PMO - US,Direct Drop,FCA,Air,28-May-11,28-May-11,ARV,Adult,ABBVIE LOGISTICS (FORMERLY ABBOTT LOGISTICS BV),SKU0008,"Lopinavir/Ritonavir 200/50mg [Aluvia], tablets, 120 Tabs",Aluvia,120,3010,247422,82.2,0.68,ABBVIE Ludwigshafen Germany,756,9193.82,408.25
24604,Haiti,PMO - US,Direct Drop,FCA,Air,5-Jun-15,5-Jun-15,ARV,Pediatric,ABBVIE LOGISTICS (FORMERLY ABBOTT LOGISTICS BV),SKU0042,"Lopinavir/Ritonavir 80/20mg/ml [Kaletra], oral solution, cool, Bottle 5 x 60 ml",Kaletra,300,420,12944.4,30.82,0.1,ABBVIE (Abbott) Logis. UK,494,2737.95,13.31
24620,Côte d'Ivoire,PMO - US,Direct Drop,CIP,Air,28-Jun-10,28-Jun-10,ARV,Pediatric,MERCK SHARP & DOHME IDEA GMBH (FORMALLY MERCK SHARP & DOHME B.V.),SKU0102,"Efavirenz 30mg/ml [Stocrin/Sustiva], oral solution, Bottle, 180 ml",Stocrin/Sustiva,180,2737,46419.52,16.96,0.09,"MSD, Haarlem, NL",805,1659.71,100.08
24653,Tanzania,PMO - US,Direct Drop,EXW,Air,17-Sep-13,15-Sep-13,HRDT,HIV test,"Standard Diagnostics, Inc.",SKU0002,"HIV 1/2, Determine Complete HIV Kit, 100 Tests",Determine,100,3029,0,0,0,"Alere Medical Co., Ltd.",1255,21384.75,0
24706,Haiti,PMO - US,Direct Drop,FCA,Air,3-Sep-13,3-Sep-13,ARV,Pediatric,BRISTOL-MYERS SQUIBB,SKU0028,"Didanosine 25mg [Videx], chewable tablets, 60 Tabs",Videx,60,1040,7280,7,0.12,Bristol-Myers Squibb Anagni IT,226,1962.1,9.01
24754,South Africa,PMO - US,Direct Drop,DDP,Truck,27-Aug-14,27-Aug-14,ARV,Adult,S. BUYS WHOLESALER,SKU0011,"Lamivudine/Zidovudine 150/300mg, tablets, 60 Tabs",Generic,60,31,1022.62,32.99,0.55,Hetero Unit III Hyderabad IN,Weight Captured Separately,Freight Included in Commodity Cost,1.26
24766,South Africa,PMO - US,Direct Drop,DDP,Truck,31-May-10,31-May-10,ARV,Adult,S. BUYS WHOLESALER,SKU0021,"Tenofovir Disoproxil Fumarate 300mg [Viread], tablets, 30 Tabs",Viread,30,1200,34631.24,28.86,0.96,"Aspen-OSD, Port Elizabeth, SA",Weight Captured Separately,Freight Included in Commodity Cost,74.66
24790,Vietnam,PMO - US,Direct Drop,EXW,Air,1-Jul-13,1-Jul-13,ARV,Adult,HETERO LABS LIMITED,SKU0058,"Abacavir 300mg, tablets, 60 Tabs",Generic,60,717,8783.25,12.25,0.2,Hetero Unit III Hyderabad IN,See ASN-19787 (ID#:13978),See ASN-19787 (ID#:13978),10.86
24819,Guyana,PMO - US,Direct Drop,EXW,Air,15-Oct-12,15-Oct-12,HRDT,HIV test,"Orgenics, Ltd",SKU0002,"HIV 1/2, Determine Complete HIV Kit, 100 Tests",Determine,100,564,56400,100,1,"Alere Medical Co., Ltd.",272,8128.95,79.07
24842,Tanzania,PMO - US,Direct Drop,EXW,Air,20-Nov-12,20-Nov-12,HRDT,HIV test,"Orgenics, Ltd",SKU0002,"HIV 1/2, Determine Complete HIV Kit, 100 Tests",Determine,100,8000,640000,80,0.8,"Alere Medical Co., Ltd.",3803,64075.1,897.28
24862,South Africa,PMO - US,Direct Drop,DDP,Truck,6-Feb-14,6-Feb-14,ARV,Pediatric,S. BUYS WHOLESALER,SKU0045,"Lopinavir/Ritonavir 100/25mg [Aluvia], tablets, 60 Tabs",Generic,60,17,98.29,5.78,0.1,ABBVIE Ludwigshafen Germany,Weight Captured Separately,Freight Included in Commodity Cost,0.12
24865,South Africa,PMO - US,Direct Drop,DDP,Air,24-Jun-10,24-Jun-10,ARV,Adult,Aurobindo Pharma Limited,SKU0014,"Zidovudine 300mg, tablets, 60 Tabs",Generic,60,60234,447538.62,7.43,0.12,"Aurobindo Unit III, India",3221,3296.57,964.89
24868,Vietnam,PMO - US,Direct Drop,FCA,Air,9-Apr-13,9-Apr-13,ARV,Adult,ABBVIE LOGISTICS (FORMERLY ABBOTT LOGISTICS BV),SKU0008,"Lopinavir/Ritonavir 200/50mg [Aluvia], tablets, 120 Tabs",Aluvia,120,4164,253254.48,60.82,0.51,ABBVIE Ludwigshafen Germany,992,3212.25,313.28
24872,Vietnam,PMO - US,Direct Drop,EXW,Air,13-May-13,13-May-13,ARV,Adult,HETERO LABS LIMITED,SKU0007,"Nevirapine 200mg, tablets, 60 Tabs",Generic,60,26997,59663.37,2.21,0.04,Hetero Unit III Hyderabad IN,1726,11984.91,73.8
24875,Vietnam,PMO - US,Direct Drop,EXW,Air,16-Aug-14,16-Aug-14,ARV,Adult,MYLAN LABORATORIES LTD (FORMERLY MATRIX LABORATORIES),SKU0054,"Lamivudine/Nevirapine/Zidovudine 150/200/300mg, tablets, 60 Tabs",Generic,60,27900,225990,8.1,0.13,Mylan (formerly Matrix) Nashik,3868,7238.46,232.32
24884,Zambia,PMO - US,Direct Drop,EXW,Air,29-Feb-12,29-Feb-12,ARV,Adult,Aurobindo Pharma Limited,SKU0105,"Emtricitabine/Tenofovir Disoproxil Fumarate 200/300mg, tablets, 30 Tabs",Generic,30,100000,735000,7.35,0.24,"Aurobindo Unit III, India",9369,50030.37,1030.47
24905,Uganda,PMO - US,Direct Drop,EXW,Air,10-Dec-13,10-Dec-13,ARV,Pediatric,Aurobindo Pharma Limited,SKU0146,"Nevirapine 10mg/ml, oral suspension w/syringe, Bottle, 100 ml",Generic,100,10368,13478.4,1.3,0.01,"Aurobindo Unit III, India",2127,10898.13,16.67
24934,Nigeria,PMO - US,Direct Drop,FCA,Air,21-Jun-10,21-Jun-10,ARV,Adult,Hoffmann-La Roche ltd Basel,SKU0141,"Saquinavir 500mg [Invirase], tablets, 120 Tabs",Invirase,120,430,40713.32,94.68,0.79,Roche Basel,77,729.03,87.78
24970,South Africa,PMO - US,Direct Drop,DDP,Truck,29-Aug-14,29-Aug-14,ARV,Adult,S. BUYS WHOLESALER,SKU0026,"Efavirenz 600mg, tablets, 30 Tabs",Generic,30,915,15162.72,16.57,0.55,Hetero Unit III Hyderabad IN,Weight Captured Separately,Freight Included in Commodity Cost,18.76
24974,Rwanda,PMO - US,Direct Drop,EXW,Ocean,31-Mar-11,31-Mar-11,ARV,Adult,CIPLA LIMITED,SKU0135,"Lopinavir/Ritonavir 200/50mg, tablets, 120 Tabs",Generic,120,17587,587405.8,33.4,0.28,Cipla Ltd A-42 MIDC Mahar. IN,5480,19123.35,1266.45
24983,Haiti,PMO - US,Direct Drop,EXW,Air,11-May-15,11-May-15,ARV,Adult,Aurobindo Pharma Limited,SKU0054,"Lamivudine/Nevirapine/Zidovudine 150/200/300mg, tablets, 60 Tabs",Generic,60,24000,196800,8.2,0.14,"Aurobindo Unit III, India",Weight Captured Separately,Invoiced Separately,202.31
24990,Namibia,PMO - US,Direct Drop,EXW,Air,11-Nov-09,11-Nov-09,HRDT,HIV test,"Trinity Biotech, Plc",SKU0009,"HIV 1/2, Uni-Gold HIV Kit, 20 Tests",Uni-Gold,20,25,0.25,0.01,0,"Trinity Biotech, Plc",10,751.43,0
24993,Vietnam,PMO - US,Direct Drop,EXW,Air,26-Nov-14,26-Nov-14,ARV,Adult,MICRO LABS LIMITED,SKU0003,"Lamivudine 150mg, tablets, 60 Tabs",Generic,60,14500,24940,1.72,0.03,"Micro labs, Verna, Goa, India",See ASN-28777 (ID#:22196),See ASN-28777 (ID#:22196),25.64
24999,Rwanda,PMO - US,Direct Drop,CIP,Air,27-Jan-10,27-Jan-10,ARV,Adult,Aurobindo Pharma Limited,SKU0029,"Tenofovir Disoproxil Fumarate 300mg, tablets, 30 Tabs",Generic,30,1630,13952.8,8.56,0.29,"Aurobindo Unit III, India",153,2483.49,27.35
25019,South Africa,PMO - US,Direct Drop,DDP,Truck,28-Aug-14,28-Aug-14,ARV,Adult,PHARMACY DIRECT,SKU0003,"Lamivudine 150mg, tablets, 60 Tabs",Generic,60,220,2011.46,9.14,0.15,"Aurobindo Unit III, India",Weight Captured Separately,Freight Included in Commodity Cost,2.07
25037,South Africa,PMO - US,Direct Drop,DDP,Ocean,5-Oct-11,5-Oct-11,ARV,Adult,Aurobindo Pharma Limited,SKU0029,"Tenofovir Disoproxil Fumarate 300mg, tablets, 30 Tabs",Generic,30,71984,478693.6,6.65,0.22,"Aurobindo Unit III, India",6719,9726.54,789.84
25074,Mozambique,PMO - US,Direct Drop,EXW,Air,10-Sep-14,10-Sep-14,HRDT,HIV test,"Orgenics, Ltd",SKU0002,"HIV 1/2, Determine Complete HIV Kit, 100 Tests",Determine,100,3319,265520,80,0.8,"Alere Medical Co., Ltd.",1351,9168.48,272.95
25075,Côte d'Ivoire,PMO - US,Direct Drop,EXW,Air,20-Feb-15,20-Feb-15,HRDT,HIV test,"CHEMBIO DIAGNOSTIC SYSTEMS, INC.",SKU0016,"HIV 1/2, Stat-Pak HIV, Kit, 20 Tests",Stat-Pak,20,2120,65720,31,1.55,Chembio Diagnostics Sys. Inc.,610,8231.14,67.56
25083,Swaziland,PMO - US,Direct Drop,EXW,Air,18-Jun-13,18-Jun-13,HRDT,HIV test,"Trinity Biotech, Plc",SKU0009,"HIV 1/2, Uni-Gold HIV Kit, 20 Tests",Uni-Gold,20,150,4800,32,1.6,"Trinity Biotech, Plc",54,752.58,6.73
25085,Ethiopia,PMO - US,Direct Drop,EXW,Air,8-Apr-11,8-Apr-11,HRDT,HIV test,"Trinity Biotech, Plc",SKU0009,"HIV 1/2, Uni-Gold HIV Kit, 20 Tests",Uni-Gold,20,336,10752,32,1.6,"Trinity Biotech, Plc",Weight Captured Separately,1921.14,17.74
25103,Tanzania,PMO - US,Direct Drop,EXW,Air,9-Feb-12,9-Feb-12,HRDT,HIV test,"Orgenics, Ltd",SKU0002,"HIV 1/2, Determine Complete HIV Kit, 100 Tests",Determine,100,3500,280000,80,0.8,Inverness Japan,1669,30754.1,462
25127,South Africa,PMO - US,Direct Drop,DDP,Truck,19-Oct-09,19-Oct-09,ARV,Pediatric,S. BUYS WHOLESALER,SKU0040,"Didanosine 100mg [Videx],chewable tablets, 60 Tabs",Videx,60,10,162.9,16.29,0.27,"BMS Meymac, France",Weight Captured Separately,Freight Included in Commodity Cost,0.32
25141,South Africa,PMO - US,Direct Drop,DDP,Truck,24-Aug-15,24-Aug-15,ARV,Pediatric,PHARMACY DIRECT,SKU0071,"Abacavir 20mg/ml, oral solution, Bottle, 240 ml",Generic,240,17,322.98,19,0.08,"Aurobindo Unit III, India",Weight Captured Separately,Freight Included in Commodity Cost,0.33
25189,South Africa,PMO - US,Direct Drop,DDP,Truck,28-Apr-15,28-Apr-15,ARV,Adult,PHARMACY DIRECT,SKU0069,"Didanosine 250mg, delayed-release capsules, 30 Caps",Generic,30,4,60.98,15.24,0.51,"Aurobindo Unit III, India",Weight Captured Separately,Freight Included in Commodity Cost,0.06
25201,Vietnam,PMO - US,Direct Drop,EXW,Air,6-Jul-10,6-Jul-10,ARV,Adult,Aurobindo Pharma Limited,SKU0054,"Lamivudine/Nevirapine/Zidovudine 150/200/300mg, tablets, 60 Tabs",Generic,60,16500,183975,11.15,0.19,"Aurobindo Unit III, India",3802,26084.14,360.59
25220,Nigeria,PMO - US,Direct Drop,EXW,Air,9-Jan-13,28-Jan-13,HRDT,HIV test,"Orgenics, Ltd",SKU0002,"HIV 1/2, Determine Complete HIV Kit, 100 Tests",Determine,100,2352,209328,89,0.89,"Alere Medical Co., Ltd.",1058,21683.23,293.48
25230,South Africa,PMO - US,Direct Drop,DDP,Ocean,2-Sep-11,2-Sep-11,ARV,Adult,Aurobindo Pharma Limited,SKU0026,"Efavirenz 600mg, tablets, 30 Tabs",Generic,30,174500,786995,4.51,0.15,"Aurobindo Unit III, India",14833,21555.16,1298.54
25279,Uganda,PMO - US,Direct Drop,EXW,Air,5-May-15,5-May-15,HRDT,HIV test,"Orgenics, Ltd",SKU0002,"HIV 1/2, Determine Complete HIV Kit, 100 Tests",Determine,100,5655,452400,80,0.8,"Alere Medical Co., Ltd.",2290,18423.91,532.47
25293,Rwanda,PMO - US,Direct Drop,CIP,Air,3-Feb-10,3-Feb-10,ARV,Adult,MYLAN LABORATORIES LTD (FORMERLY MATRIX LABORATORIES),SKU0011,"Lamivudine/Zidovudine 150/300mg, tablets, 60 Tabs",Generic,60,34464,310176,9,0.15,Mylan (formerly Matrix) Nashik,2768,29603.24,607.94
25319,South Africa,PMO - US,Direct Drop,DDP,Truck,4-Jun-10,4-Jun-10,ARV,Adult,S. BUYS WHOLESALER,SKU0030,"Stavudine 20mg [Zerit], capsules, 60 Caps",Zerit,60,150,910.31,6.07,0.1,"BMS Meymac, France",Weight Captured Separately,Freight Included in Commodity Cost,1.96
25323,Vietnam,PMO - US,Direct Drop,EXW,Air,3-Sep-15,3-Sep-15,ARV,Adult,HETERO LABS LIMITED,SKU0007,"Nevirapine 200mg, tablets, 60 Tabs",Generic,60,2500,5400,2.16,0.04,Hetero Unit III Hyderabad IN,Weight Captured Separately,Invoiced Separately,6.36
25328,South Africa,PMO - US,Direct Drop,DDP,Truck,28-Dec-09,28-Dec-09,ARV,Adult,S. BUYS WHOLESALER,SKU0008,"Lopinavir/Ritonavir 200/50mg [Aluvia], tablets, 120 Tabs",Aluvia,120,150,6083.68,40.56,0.34,ABBVIE Ludwigshafen Germany,Weight Captured Separately,Freight Included in Commodity Cost,13.12
25343,Guyana,PMO - US,Direct Drop,EXW,Air,7-Nov-12,7-Nov-12,HRDT,HIV test,"Trinity Biotech, Plc",SKU0009,"HIV 1/2, Uni-Gold HIV Kit, 20 Tests",Uni-Gold,20,461,14752,32,1.6,"Trinity Biotech, Plc",149,2115.21,20.68
25393,Cameroon,PMO - US,Direct Drop,EXW,Air,17-Aug-12,17-Aug-12,HRDT,HIV test,Orasure Technologies Inc.,SKU0018,"HIV 1/2, OraQuick Advance HIV Rapid Antibody Kit, 100 Tests",OraQuick,100,30,10500,350,3.5,"Pacific Biotech, Thailand",72,1765.54,14.72
25412,Mozambique,PMO - US,Direct Drop,EXW,Ocean,22-Nov-11,22-Nov-11,HRDT,HIV test,"Trinity Biotech, Plc",SKU0009,"HIV 1/2, Uni-Gold HIV Kit, 20 Tests",Uni-Gold,20,1065,34080,32,1.6,"Trinity Biotech, Plc",Weight Captured Separately,Invoiced Separately,56.23
25423,Uganda,PMO - US,Direct Drop,DDP,Air,18-May-12,18-May-12,ARV,Adult,ASPEN PHARMACARE,SKU0139,"Darunavir 300mg [Prezista], tablets, 120 Tabs",Prezista,120,63,4195.8,66.6,0.55,"Aspen-OSD, Port Elizabeth, SA",57,548.2,5.88
25476,South Africa,PMO - US,Direct Drop,DDP,Truck,12-Feb-15,12-Feb-15,ARV,Adult,PHARMACY DIRECT,SKU0105,"Emtricitabine/Tenofovir Disoproxil Fumarate 200/300mg, tablets, 30 Tabs",Generic,30,11,240.13,21.83,0.73,"Aurobindo Unit III, India",Weight Captured Separately,Freight Included in Commodity Cost,0.25
25477,Uganda,PMO - US,Direct Drop,CIP,Air,19-Oct-11,19-Oct-11,ARV,Adult,MERCK SHARP & DOHME IDEA GMBH (FORMALLY MERCK SHARP & DOHME B.V.),SKU0129,"Raltegravir 400mg [Isentress], tablets, 60 Tabs",Isentress,60,274,25071,91.5,1.52,"MSD, Haarlem, NL",28,501,41.37
25483,Togo,PMO - US,Direct Drop,EXW,Air,23-Apr-15,23-Apr-15,ARV,Adult,HETERO LABS LIMITED,SKU0107,"Lamivudine/Tenofovir Disoproxil Fumarate 300/300mg, tablets, 30 Tabs",Generic,30,6678,30051,4.5,0.15,Hetero Unit III Hyderabad IN,734,3710.65,35.37
25521,South Africa,PMO - US,Direct Drop,DDP,Ocean,8-Dec-10,1-Feb-11,ARV,Adult,Aurobindo Pharma Limited,SKU0014,"Zidovudine 300mg, tablets, 60 Tabs",Generic,60,10357,75916.81,7.33,0.12,"Aurobindo Unit III, India",523,3161.68,163.68
25522,Vietnam,PMO - US,Direct Drop,EXW,Air,9-Feb-11,9-Feb-11,ARV,Adult,HETERO LABS LIMITED,SKU0007,"Nevirapine 200mg, tablets, 60 Tabs",Generic,60,5977,14524.11,2.43,0.04,Hetero Unit III Hyderabad IN,See ASN-9407 (ID#:17697),See ASN-9407 (ID#:17697),31.31
25536,Nigeria,PMO - US,Direct Drop,EXW,Air,11-Feb-14,11-Feb-14,ARV,Pediatric,CIPLA LIMITED,SKU0154,"Abacavir 60mg, dispersible tablets, 60 Tabs",Generic,60,7325,36625,5,0.08,"Cipla, Patalganga, India",455,4967.03,45.31
25539,South Africa,PMO - US,Direct Drop,DDP,Truck,26-May-15,26-May-15,ARV,Pediatric,PHARMACY DIRECT,SKU0060,"Ritonavir 80mg/ml [Norvir], oral solution, cool, Bottle, 90 ml",Norvir,90,2,9.24,4.62,0.05,ABBVIE (Abbott) France,Weight Captured Separately,Freight Included in Commodity Cost,0.01
25566,South Africa,PMO - US,Direct Drop,DDP,Truck,28-Nov-14,28-Nov-14,ARV,Adult,PHARMACY DIRECT,SKU0026,"Efavirenz 600mg, tablets, 30 Tabs",Generic,30,132,1487.53,11.27,0.38,"Aurobindo Unit III, India",Weight Captured Separately,Freight Included in Commodity Cost,1.53
25587,Uganda,PMO - US,Direct Drop,EXW,Air,21-Mar-14,21-Mar-14,ARV,Pediatric,CIPLA LIMITED,SKU0140,"Lamivudine/Nevirapine/Zidovudine 30/50/60mg, dispersible tablets, 60 Tabs",Generic,60,15021,60084,4,0.07,"Cipla, Goa, India",1411,13983.98,61.77
25599,Zimbabwe,PMO - US,Direct Drop,EXW,Air Charter,14-Jun-14,14-Jun-14,ARV,Adult,MICRO LABS LIMITED,SKU0007,"Nevirapine 200mg, tablets, 60 Tabs",Generic,60,55000,114400,2.08,0.03,"Micro labs, Verna, Goa, India",5810,46213.4,117.6
25642,Guyana,PMO - US,Direct Drop,EXW,Air,27-Oct-10,27-Oct-10,HRDT,HIV test,"Orgenics, Ltd",SKU0002,"HIV 1/2, Determine Complete HIV Kit, 100 Tests",Determine,100,336,30240,90,0.9,Inverness Japan,154,4268.93,65.2
25676,South Africa,PMO - US,Direct Drop,DDP,Truck,24-Jul-15,24-Jul-15,ARV,Adult,PHARMACY DIRECT,SKU0069,"Didanosine 250mg, delayed-release capsules, 30 Caps",Generic,30,5,55.08,11.02,0.37,"Aurobindo Unit III, India",Weight Captured Separately,Freight Included in Commodity Cost,0.06
25706,Haiti,PMO - US,Direct Drop,EXW,Air,30-Aug-13,30-Aug-13,ARV,Adult,MYLAN LABORATORIES LTD (FORMERLY MATRIX LABORATORIES),SKU0119,"Atazanavir/Ritonavir 300/100mg, tablets, 30 Tabs",Generic,30,4816,96320,20,0.67,Mylan (formerly Matrix) Nashik,647,4444.33,119.15
25726,Rwanda,PMO - US,Direct Drop,CIP,Air,30-Jun-10,30-Jun-10,ARV,Adult,MYLAN LABORATORIES LTD (FORMERLY MATRIX LABORATORIES),SKU0058,"Abacavir 300mg, tablets, 60 Tabs",Generic,60,26100,424125,16.25,0.27,Mylan (formerly Matrix) Nashik,2586,1170.2,914.41
25749,Haiti,Haiti Field Office,Direct Drop,EXW,Air,11-Mar-11,11-Mar-11,HRDT,HIV test,Orasure Technologies Inc.,SKU0018,"HIV 1/2, OraQuick Advance HIV Rapid Antibody Kit, 100 Tests",OraQuick,100,127,44450,350,3.5,"Orasure Technologies, Inc",22,4625.81,73.34
25752,South Africa,PMO - US,Direct Drop,DDP,Air,11-Jun-10,11-Jun-10,ARV,Adult,CIPLA LIMITED,SKU0029,"Tenofovir Disoproxil Fumarate 300mg, tablets, 30 Tabs",Generic,30,38890,304119.8,7.82,0.26,"Cipla, Goa, India",2649,3908.55,655.68
25760,Vietnam,PMO - US,Direct Drop,EXW,Air,21-Sep-10,21-Sep-10,ARV,Adult,STRIDES ARCOLAB LIMITED,SKU0007,"Nevirapine 200mg, tablets, 60 Tabs",Generic,60,1247,3167.38,2.54,0.04,"Strides, Bangalore, India.",71,4035.45,6.83
25767,Malawi,PMO - US,Direct Drop,EXW,Air,30-Apr-13,30-Apr-13,HRDT,HIV test,"Orgenics, Ltd",SKU0002,"HIV 1/2, Determine Complete HIV Kit, 100 Tests",Determine,100,461,36880,80,0.8,"Alere Medical Co., Ltd.",207,5248.93,45.62
25782,Vietnam,PMO - US,Direct Drop,EXW,Air,16-Sep-14,16-Sep-14,ARV,Adult,HETERO LABS LIMITED,SKU0058,"Abacavir 300mg, tablets, 60 Tabs",Generic,60,600,6870,11.45,0.19,Hetero Unit III Hyderabad IN,See ASN-27809 (ID#:13106),See ASN-27809 (ID#:13106),7.06
25796,Vietnam,PMO - US,Direct Drop,EXW,Air,27-Nov-13,27-Nov-13,ARV,Adult,MYLAN LABORATORIES LTD (FORMERLY MATRIX LABORATORIES),SKU0011,"Lamivudine/Zidovudine 150/300mg, tablets, 60 Tabs",Generic,60,23063,155675.25,6.75,0.11,Mylan (formerly Matrix) Nashik,1984,3225.12,192.57
25809,Vietnam,PMO - US,Direct Drop,EXW,Air,3-Sep-13,3-Sep-13,ARV,Adult,Aurobindo Pharma Limited,SKU0054,"Lamivudine/Nevirapine/Zidovudine 150/200/300mg, tablets, 60 Tabs",Generic,60,12488,101777.2,8.15,0.14,"Aurobindo Unit III, India",1846,3314.03,125.9
25824,Mozambique,PMO - US,Direct Drop,EXW,Air,22-Nov-11,22-Nov-11,HRDT,HIV test,"Orgenics, Ltd",SKU0017,"HIV 1/2, Determine HIV Kit, without Lancets, 100 Tests",Determine,100,7409,575679.3,77.7,0.78,Inverness Japan,1275,15873.44,949.87
25828,South Africa,PMO - US,Direct Drop,DDP,Ocean,8-Apr-11,5-May-11,ARV,Adult,CIPLA LIMITED,SKU0029,"Tenofovir Disoproxil Fumarate 300mg, tablets, 30 Tabs",Generic,30,12346,84693.56,6.86,0.23,"Cipla, Goa, India",820,9177.19,139.74
25830,South Africa,PMO - US,Direct Drop,DDP,Air,24-Aug-10,8-Dec-10,ARV,Pediatric,Aurobindo Pharma Limited,SKU0130,"Lamivudine 10mg/ml, oral solution w/syringe, Bottle, 240 ml",Generic,240,11640,34920,3,0.01,"Aurobindo Unit III, India",4386,12917.3,75.29
25844,Tanzania,PMO - US,Direct Drop,EXW,Air,8-May-12,8-May-12,HRDT,HIV test,"Orgenics, Ltd",SKU0002,"HIV 1/2, Determine Complete HIV Kit, 100 Tests",Determine,100,1130,90400,80,0.8,"Alere Medical Co., Ltd.",537,10626.8,126.74
25854,Nigeria,PMO - US,Direct Drop,EXW,Air,29-Jun-12,29-Jun-12,ACT,ACT,NOVARTIS PHARMA SERVICES AG,SKU0128,"Artemether/Lumefantrine 20/120mg [Coartem], scored tablets, Blister 30 x 24 Tabs",Coartem,720,2884,131510.4,45.6,0.06,"Novartis Pharma Suffern, USA",2006,12723.32,184.38
25886,Vietnam,PMO - US,Direct Drop,EXW,Air,26-Oct-09,26-Oct-09,ARV,Adult,Aurobindo Pharma Limited,SKU0054,"Lamivudine/Nevirapine/Zidovudine 150/200/300mg, tablets, 60 Tabs",Generic,60,8500,94775,11.15,0.19,"Aurobindo Unit III, India",3099,5018.69,185.76
26571,Botswana,PMO - US,Direct Drop,EXW,Air,5-Feb-10,5-Feb-10,HRDT,HIV test - Ancillary,Orasure Technologies Inc.,SKU0096,"#109435**HIV, OraQuick Controls Kit, 3 Vials",OraQuick,3,10,250,25,8.33,"Orasure Technologies, Inc USA",6,322.12,0.49
25915,South Sudan,PMO - US,Direct Drop,EXW,Air,2-Jul-15,7-Jul-15,HRDT,HIV test - Ancillary,"Orgenics, Ltd",SKU0136,"Chase Buffer, Determine, 100 Tests, 2.5ml x 1 Vial",Determine,1,45,225,5,5,"Alere Medical Co., Ltd.",Weight Captured Separately,Invoiced Separately,0.26
25926,Vietnam,PMO - US,Direct Drop,EXW,Air,22-Sep-14,22-Sep-14,ARV,Adult,HETERO LABS LIMITED,SKU0029,"Tenofovir Disoproxil Fumarate 300mg, tablets, 30 Tabs",Generic,30,7000,24850,3.55,0.12,Hetero Unit III Hyderabad IN,2190,3467.7,25.55
25928,Haiti,PMO - US,Direct Drop,EXW,Ocean,9-Apr-15,9-Apr-15,ARV,Adult,HETERO LABS LIMITED,SKU0007,"Nevirapine 200mg, tablets, 60 Tabs",Generic,60,12600,27216,2.16,0.04,Hetero Unit III Hyderabad IN,See ASN-30463 (ID#:15460),See ASN-30463 (ID#:15460),27.98
25930,Côte d'Ivoire,PMO - US,Direct Drop,EXW,Air,28-Mar-11,28-Mar-11,HRDT,HIV test,"Orgenics, Ltd",SKU0017,"HIV 1/2, Determine HIV Kit, without Lancets, 100 Tests",Determine,100,3293,255866.1,77.7,0.78,Inverness Japan,747,14934.26,422.18
25956,Cameroon,PMO - US,Direct Drop,EXW,Air,7-Nov-13,7-Nov-13,ARV,Adult,STRIDES ARCOLAB LIMITED,SKU0026,"Efavirenz 600mg, tablets, 30 Tabs",Generic,30,25945,82764.55,3.19,0.11,"Strides, Bangalore, India.",1638,18141.62,102.38
25967,Nigeria,PMO - US,Direct Drop,EXW,Air,28-Nov-12,27-Nov-12,HRDT,HIV test,"Orgenics, Ltd",SKU0002,"HIV 1/2, Determine Complete HIV Kit, 100 Tests",Determine,100,2744,244216,89,0.89,"Alere Medical Co., Ltd.",1303,28734.43,342.39
25982,Sudan,PMO - US,Direct Drop,EXW,Air,1-Dec-10,1-Dec-10,HRDT,HIV test,"Standard Diagnostics, Inc.",SKU0019,"HIV 1/2, Bioline 3.0 Kit, Lancets, Capillary pipets, Alcohol swabs included, 25 Tests",Bioline,25,16,320,20,0.8,"Standard Diagnostics, Korea",139,1629.85,0.69
25990,South Sudan,PMO - US,Direct Drop,EXW,Air,13-Dec-12,13-Dec-12,HRDT,HIV test - Ancillary,"Orgenics, Ltd",SKU0084,"Capillary Tubes, for Determine, EDTA, 50uL,100 Pcs",Determine,100,640,5120,8,0.08,"Alere Medical Co., Ltd.",331,7539.52,7.18
29140,Vietnam,PMO - US,Direct Drop,EXW,Air,24-Dec-13,24-Dec-13,ARV,Adult,Aurobindo Pharma Limited,SKU0058,"Abacavir 300mg, tablets, 60 Tabs",Generic,60,809,9222.6,11.4,0.19,"Aurobindo Unit III, India",81,459.72,11.41
26002,"Congo, DRC",PMO - US,Direct Drop,EXW,Air,4-Apr-14,4-Apr-14,HRDT,HIV test,"Trinity Biotech, Plc",SKU0009,"HIV 1/2, Uni-Gold HIV Kit, 20 Tests",Uni-Gold,20,17,544,32,1.6,"Trinity Biotech, Plc",See ASN-24721 (ID#:13708),See ASN-24721 (ID#:13708),0.56
26015,South Africa,PMO - US,Direct Drop,DDP,Truck,27-Oct-09,27-Oct-09,ARV,Pediatric,S. BUYS WHOLESALER,SKU0049,"Efavirenz 50mg, capsule, 30 Caps",Generic,30,708,2696.29,3.81,0.13,"Aurobindo Unit III, India",Weight Captured Separately,Freight Included in Commodity Cost,5.28
26019,Rwanda,PMO - US,Direct Drop,FCA,Air,29-Jun-12,29-Jun-12,ARV,Pediatric,ABBVIE LOGISTICS (FORMERLY ABBOTT LOGISTICS BV),SKU0042,"Lopinavir/Ritonavir 80/20mg/ml [Kaletra], oral solution, cool, Bottle 5 x 60 ml",Kaletra,300,255,7859.1,30.82,0.1,ABBVIE (Abbott) Logis. UK,253,2455.7,11.02
26082,Rwanda,PMO - US,Direct Drop,CIP,Air,9-Dec-10,9-Dec-10,ARV,Adult,HETERO LABS LIMITED,SKU0007,"Nevirapine 200mg, tablets, 60 Tabs",Generic,60,62671,165451.44,2.64,0.04,Hetero Unit III Hyderabad IN,3666,14890.63,356.71
26093,Rwanda,PMO - US,Direct Drop,EXW,Air,9-Sep-12,9-Sep-12,ARV,Adult,Aurobindo Pharma Limited,SKU0007,"Nevirapine 200mg, tablets, 60 Tabs",Generic,60,57364,129069,2.25,0.04,"Aurobindo Unit III, India",5468,48501.5,180.95
26117,South Africa,PMO - US,Direct Drop,DDP,Truck,24-Aug-15,24-Aug-15,ARV,Adult,PHARMACY DIRECT,SKU0011,"Lamivudine/Zidovudine 150/300mg, tablets, 60 Tabs",Generic,60,24,551.92,23,0.38,"Aurobindo Unit III, India",Weight Captured Separately,Freight Included in Commodity Cost,0.57
26121,South Africa,PMO - US,Direct Drop,DDP,Truck,5-Aug-09,5-Aug-09,ARV,Adult,S. BUYS WHOLESALER,SKU0026,"Efavirenz 600mg, tablets, 30 Tabs",Generic,30,6715,127912.01,19.05,0.64,"Cipla, Goa, India",Weight Captured Separately,Freight Included in Commodity Cost,250.71
26131,Zambia,PMO - US,Direct Drop,EXW,Air,17-Oct-12,17-Oct-12,HRDT,HIV test,"Trinity Biotech, Plc",SKU0009,"HIV 1/2, Uni-Gold HIV Kit, 20 Tests",Uni-Gold,20,3640,116480,32,1.6,"Trinity Biotech, Plc",1213,15504.42,192.19
26171,Rwanda,PMO - US,Direct Drop,CIP,Air,27-Jan-10,27-Jan-10,ARV,Adult,Aurobindo Pharma Limited,SKU0029,"Tenofovir Disoproxil Fumarate 300mg, tablets, 30 Tabs",Generic,30,276,2362.56,8.56,0.29,"Aurobindo Unit III, India",26,2187.01,4.63
26188,Tanzania,PMO - US,Direct Drop,EXW,Air,29-Sep-11,29-Sep-11,HRDT,HIV test,"Standard Diagnostics, Inc.",SKU0019,"HIV 1/2, Bioline 3.0 Kit, Lancets, Capillary pipets, Alcohol swabs included, 25 Tests",Bioline,25,10000,200000,20,0.8,"Standard Diagnostics, Korea",3334,23030.38,330
26192,Vietnam,PMO - US,Direct Drop,EXW,Air,1-Jun-15,1-Jun-15,ARV,Adult,MYLAN LABORATORIES LTD (FORMERLY MATRIX LABORATORIES),SKU0113,"Efavirenz/Lamivudine/Tenofovir Disoproxil Fumarate 600/300/300mg, tablets, 30 Tabs",Generic,30,18616,188952.4,10.15,0.34,Mylan (formerly Matrix) Nashik,2101,4384.01,194.24
26208,South Africa,South Africa Field Office,Direct Drop,DDP,Truck,16-Apr-13,16-Apr-13,ARV,Adult,S. BUYS WHOLESALER,SKU0026,"Efavirenz 600mg, tablets, 30 Tabs",Generic,30,22333,359064.74,16.08,0.54,"Cipla, Goa, India",Weight Captured Separately,Freight Included in Commodity Cost,444.16
26250,Kenya,PMO - US,Direct Drop,EXW,Air,13-Oct-09,13-Oct-09,HRDT,HIV test,"Trinity Biotech, Plc",SKU0009,"HIV 1/2, Uni-Gold HIV Kit, 20 Tests",Uni-Gold,20,2000,64000,32,1.6,"Trinity Biotech, Plc",682,7258.89,125.44
26260,Burundi,PMO - US,Direct Drop,EXW,Air,7-Jul-15,7-Jul-15,HRDT,HIV test,"Orgenics, Ltd",SKU0002,"HIV 1/2, Determine Complete HIV Kit, 100 Tests",Determine,100,1582,126560,80,0.8,"Alere Medical Co., Ltd.",Weight Captured Separately,Invoiced Separately,148.96
26265,Zimbabwe,PMO - US,Direct Drop,FCA,Air,7-May-15,7-May-15,ARV,Pediatric,ABBVIE LOGISTICS (FORMERLY ABBOTT LOGISTICS BV),SKU0042,"Lopinavir/Ritonavir 80/20mg/ml [Kaletra], oral solution, cool, Bottle 5 x 60 ml",Kaletra,300,2626,80933.32,30.82,0.1,ABBVIE (Abbott) Logis. UK,2584,20480.64,95.26
26294,South Africa,PMO - US,Direct Drop,DDP,Truck,26-Jan-15,26-Jan-15,ARV,Adult,PHARMACY DIRECT,SKU0027,"Saquinavir 200mg [Invirase], capsules, 270 Caps",Invirase,270,27,1498.82,55.51,0.21,Roche Madrid,Weight Captured Separately,Freight Included in Commodity Cost,1.54
26341,South Africa,South Africa Field Office,Direct Drop,DDP,Truck,16-Apr-13,16-Apr-13,ARV,Adult,S. BUYS WHOLESALER,SKU0061,"Lamivudine 150mg [Epivir], tablets, 60 Tabs",Epivir,60,3532,41483.17,11.74,0.2,GSK Ware (UK),Weight Captured Separately,Freight Included in Commodity Cost,51.31
26345,South Sudan,PMO - US,Direct Drop,EXW,Air,16-Aug-13,16-Aug-13,HRDT,HIV test - Ancillary,"Orgenics, Ltd",SKU0084,"Capillary Tubes, for Determine, EDTA, 50uL,100 Pcs",Determine,100,214,1712,8,0.08,"Alere Medical Co., Ltd.",97,2590.24,2.12
26397,Kenya,PMO - US,Direct Drop,EXW,Air,30-Sep-11,30-Sep-11,HRDT,HIV test,"Orgenics, Ltd",SKU0002,"HIV 1/2, Determine Complete HIV Kit, 100 Tests",Determine,100,7318,651302,89,0.89,Inverness Japan,2556,29339.63,1074.65
26410,Namibia,PMO - US,Direct Drop,EXW,Air,27-Oct-09,27-Oct-09,HRDT,HIV test,"Trinity Biotech, Plc",SKU0009,"HIV 1/2, Uni-Gold HIV Kit, 20 Tests",Uni-Gold,20,1000,32000,32,1.6,"Trinity Biotech, Plc",345,8858.67,62.72
26427,South Africa,PMO - US,Direct Drop,DDP,Truck,27-Aug-14,27-Aug-14,ARV,Adult,S. BUYS WHOLESALER,SKU0029,"Tenofovir Disoproxil Fumarate 300mg, tablets, 30 Tabs",Generic,30,211,4768.7,22.6,0.75,"Aurobindo Unit III, India",Weight Captured Separately,Freight Included in Commodity Cost,5.9
26440,Zambia,PMO - US,Direct Drop,EXW,Air,17-Dec-10,17-Dec-10,HRDT,HIV test,"Orgenics, Ltd",SKU0002,"HIV 1/2, Determine Complete HIV Kit, 100 Tests",Determine,100,2730,218400,80,0.8,Inverness Japan,1318,21737.72,470.87
26466,Nigeria,PMO - US,Direct Drop,EXW,Air,5-Jun-12,5-Jun-12,ANTM,Malaria,IDA FOUNDATION,SKU0151,"Sulfadoxine/Pyrimethamine 500/25mg, tablets, Blister 10 x 3 Tabs",Generic,30,1200,1836,1.53,0.05,"Micro Labs Ltd. (Brown & Burk), India",52,428.66,2.57
26505,Mali,PMO - US,Direct Drop,EXW,Air,12-Feb-14,12-Feb-14,HRDT,HIV test,Orasure Technologies Inc.,SKU0018,"HIV 1/2, OraQuick Advance HIV Rapid Antibody Kit, 100 Tests",OraQuick,100,4,1400,350,3.5,"Pacific Biotech, Thailand",11,1195.24,1.44
26558,Nigeria,PMO - US,Direct Drop,EXW,Air,13-Sep-11,13-Sep-11,ANTM,Malaria,IDA FOUNDATION,SKU0151,"Sulfadoxine/Pyrimethamine 500/25mg, tablets, Blister 10 x 3 Tabs",Generic,30,300,330,1.1,0.04,"Remedica, Limassol, Cyprus",13,365.48,0.54
26576,South Africa,PMO - US,Direct Drop,DDP,Truck,26-Jan-15,26-Jan-15,ARV,Pediatric,PHARMACY DIRECT,SKU0144,"Atazanavir 150mg [Reyataz], capsules, 60 Caps",Reyataz,60,6,95.4,15.9,0.26,"BMS Evansville, US",Weight Captured Separately,Freight Included in Commodity Cost,0.1
26590,South Africa,PMO - US,Direct Drop,DDP,Truck,29-Aug-14,29-Aug-14,ARV,Adult,S. BUYS WHOLESALER,SKU0134,"Didanosine 400mg, delayed-release capsules, 30 Caps",Generic,30,31,672.87,21.71,0.72,"Aurobindo Unit III, India",Weight Captured Separately,Freight Included in Commodity Cost,0.83
26591,South Africa,PMO - US,Direct Drop,DDP,Air,1-Jun-10,4-Jun-10,ARV,Adult,Aurobindo Pharma Limited,SKU0026,"Efavirenz 600mg, tablets, 30 Tabs",Generic,30,53954,251965.18,4.67,0.16,"Aurobindo Unit III, India",4564,6105.79,543.24
26612,Vietnam,PMO - US,Direct Drop,EXW,Air,13-Aug-14,13-Aug-14,ARV,Adult,HETERO LABS LIMITED,SKU0003,"Lamivudine 150mg, tablets, 60 Tabs",Generic,60,18600,34410,1.85,0.03,Hetero Unit III Hyderabad IN,2175,4354.8,35.37
26617,Uganda,PMO - US,Direct Drop,CIP,Air,21-May-12,21-May-12,ARV,Adult,MERCK SHARP & DOHME IDEA GMBH (FORMALLY MERCK SHARP & DOHME B.V.),SKU0129,"Raltegravir 400mg [Isentress], tablets, 60 Tabs",Isentress,60,189,10489.5,55.5,0.92,"MSD, Haarlem, NL",19,710,14.71
26619,South Sudan,PMO - US,Direct Drop,EXW,Air,3-Jun-15,3-Jun-15,HRDT,HIV test - Ancillary,"Orgenics, Ltd",SKU0136,"Chase Buffer, Determine, 100 Tests, 2.5ml x 1 Vial",Determine,1,45,225,5,5,"Alere Medical Co., Ltd.",Weight Captured Separately,Invoiced Separately,0.26
26655,South Africa,PMO - US,Direct Drop,DDP,Truck,3-Oct-14,3-Oct-14,ARV,Adult,PHARMACY DIRECT,SKU0007,"Nevirapine 200mg, tablets, 60 Tabs",Generic,60,12,212.96,17.75,0.3,"Aurobindo Unit III, India",Weight Captured Separately,Freight Included in Commodity Cost,0.22
26686,Botswana,PMO - US,Direct Drop,EXW,Air,27-Aug-12,27-Aug-12,HRDT,HIV test,"Trinity Biotech, Plc",SKU0009,"HIV 1/2, Uni-Gold HIV Kit, 20 Tests",Uni-Gold,20,4000,128000,32,1.6,"Trinity Biotech, Plc",1315,13179.8,179.46
26718,Vietnam,PMO - US,Direct Drop,EXW,Air,24-May-13,24-May-13,ARV,Pediatric,Aurobindo Pharma Limited,SKU0117,"Zidovudine 10mg/ml, oral solution w/syringe, Bottle, 240 ml",Generic,240,179,375.9,2.1,0.01,"Aurobindo Unit III, India",See ASN-19193 (ID#:14265),See ASN-19193 (ID#:14265),0.46
26741,South Sudan,PMO - US,Direct Drop,EXW,Air,9-May-13,9-May-13,HRDT,HIV test,"Orgenics, Ltd",SKU0002,"HIV 1/2, Determine Complete HIV Kit, 100 Tests",Determine,100,544,48416,89,0.89,"Alere Medical Co., Ltd.",226,5613.63,59.89
26786,South Africa,South Africa Field Office,Direct Drop,DDP,Truck,15-Apr-13,16-Apr-13,ARV,Pediatric,S. BUYS WHOLESALER,SKU0048,"Lamivudine 10mg/ml, oral solution, Bottle, 240 ml",Generic,240,43,317.79,7.39,0.03,"Cipla, Goa, India",Weight Captured Separately,Freight Included in Commodity Cost,0.39
26791,South Africa,PMO - US,Direct Drop,DDP,Truck,13-Jan-14,13-Jan-14,ARV,Adult,S. BUYS WHOLESALER,SKU0061,"Lamivudine 150mg [Epivir], tablets, 60 Tabs",Epivir,60,2314,26605.58,11.5,0.19,GSK Cape Town Factory (South Africa),Weight Captured Separately,Freight Included in Commodity Cost,27.35
26800,Nigeria,PMO - US,Direct Drop,EXW,Air,14-Jul-15,9-Jul-15,HRDT,HIV test,"Orgenics, Ltd",SKU0002,"HIV 1/2, Determine Complete HIV Kit, 100 Tests",Determine,100,6392,568888,89,0.89,"Alere Medical Co., Ltd.",2592,Freight Included in Commodity Cost,669.58
26821,Tanzania,PMO - US,Direct Drop,EXW,Air,11-Dec-09,11-Dec-09,HRDT,HIV test,"Orgenics, Ltd",SKU0017,"HIV 1/2, Determine HIV Kit, without Lancets, 100 Tests",Determine,100,950,66500,70,0.7,Inverness Japan,216,3744.18,130.34
26829,South Africa,PMO - US,Direct Drop,DDP,Air,13-Oct-10,29-Nov-10,ARV,Adult,CIPLA LIMITED,SKU0029,"Tenofovir Disoproxil Fumarate 300mg, tablets, 30 Tabs",Generic,30,44717,349686.94,7.82,0.26,"Cipla, Goa, India",3071,3646.13,753.93
26841,Mozambique,PMO - US,Direct Drop,CIP,Air,20-Apr-10,20-Apr-10,ARV,Adult,INTERNATIONAL HEALTHCARE DISTRIBUTORS,SKU0056,"Ritonavir 100mg [Norvir], capsules, cool, 84 Caps",Norvir,84,620,6417,10.35,0.12,ABBVIE (Abbott) Logis. UK,Weight Captured Separately,Freight Included in Commodity Cost,13.84
26843,Sudan,PMO - US,Direct Drop,EXW,Air,11-Jan-12,11-Jan-12,HRDT,HIV test,"Trinity Biotech, Plc",SKU0009,"HIV 1/2, Uni-Gold HIV Kit, 20 Tests",Uni-Gold,20,11,352,32,1.6,"Trinity Biotech, Plc",5,578.73,0.58
26849,South Africa,PMO - US,Direct Drop,DDP,Ocean,12-Oct-10,15-Dec-10,ARV,Adult,Aurobindo Pharma Limited,SKU0026,"Efavirenz 600mg, tablets, 30 Tabs",Generic,30,108211,488031.61,4.51,0.15,"Aurobindo Unit III, India",Weight Captured Separately,Freight Included in Commodity Cost,1052.2
26879,South Africa,PMO - US,Direct Drop,DDP,Ocean,6-Jan-11,10-Mar-11,ARV,Pediatric,Aurobindo Pharma Limited,SKU0126,"Nevirapine 10mg/ml, oral suspension w/syringe, Bottle, 240 ml",Generic,240,10233,21693.96,2.12,0.01,"Aurobindo Unit III, India",3542,6660.05,46.77
26895,Cameroon,PMO - US,Direct Drop,EXW,Air,8-Jan-14,8-Jan-14,ARV,Adult,Aurobindo Pharma Limited,SKU0113,"Efavirenz/Lamivudine/Tenofovir Disoproxil Fumarate 600/300/300mg, tablets, 30 Tabs",Generic,30,1531,17070.65,11.15,0.37,"Aurobindo Unit VII, IN",Weight Captured Separately,Invoiced Separately,21.12
26898,Haiti,PMO - US,Direct Drop,EXW,Air,25-Apr-13,25-Apr-13,HRDT,HIV test,"SHANGHAI KEHUA BIOENGINEERING CO.,LTD.  (KHB)",SKU0063,"HIV 1/2, SKB Colloidal Gold, Diagnostic Kit, Antibody, 50 Tests",Colloidal Gold,1,250,6125,24.5,24.5,"KHB Test Kit Facility, Shanghai China",164,2179.49,7.58
26917,Ethiopia,PMO - US,Direct Drop,EXW,Air,13-Jan-11,13-Jan-11,HRDT,HIV test,"SHANGHAI KEHUA BIOENGINEERING CO.,LTD.  (KHB)",SKU0063,"HIV 1/2, SKB Colloidal Gold, Diagnostic Kit, Antibody, 50 Tests",Colloidal Gold,1,990,22770,23,23,"KHB Test Kit Facility, Shanghai China",718,6161.42,37.57
26927,South Africa,PMO - US,Direct Drop,DDP,Truck,6-Feb-14,6-Feb-14,ARV,Adult,S. BUYS WHOLESALER,SKU0014,"Zidovudine 300mg, tablets, 60 Tabs",Generic,60,62,1448.18,23.36,0.39,"Aurobindo Unit III, India",Weight Captured Separately,Freight Included in Commodity Cost,1.79
26961,Haiti,PMO - US,Direct Drop,FCA,Air,26-Sep-14,26-Sep-14,ARV,Adult,ABBVIE LOGISTICS (FORMERLY ABBOTT LOGISTICS BV),SKU0008,"Lopinavir/Ritonavir 200/50mg [Aluvia], tablets, 120 Tabs",Aluvia,120,1008,18809.28,18.66,0.16,ABBVIE Ludwigshafen Germany,406,2562.6,19.34
26965,Uganda,PMO - US,Direct Drop,FCA,Air,8-Nov-14,8-Nov-14,ARV,Adult,ABBVIE LOGISTICS (FORMERLY ABBOTT LOGISTICS BV),SKU0110,"Ritonavir 100mg [Norvir], film coated tablets, 60 Tabs",Norvir,60,579,3966.15,6.85,0.11,ABBVIE Ludwigshafen Germany,83,800,4.08
26985,Vietnam,PMO - US,Direct Drop,EXW,Air,16-May-13,16-May-13,ARV,Pediatric,STRIDES ARCOLAB LIMITED,SKU0140,"Lamivudine/Nevirapine/Zidovudine 30/50/60mg, dispersible tablets, 60 Tabs",Generic,60,3881,15524,4,0.07,"Strides, Bangalore, India.",See ASN-18971 (ID#:16186),See ASN-18971 (ID#:16186),19.2
26996,South Africa,PMO - US,Direct Drop,DDP,Truck,28-Nov-14,28-Nov-14,ARV,Adult,PHARMACY DIRECT,SKU0007,"Nevirapine 200mg, tablets, 60 Tabs",Generic,60,22,282.13,12.82,0.21,"Aurobindo Unit III, India",Weight Captured Separately,Freight Included in Commodity Cost,0.29
27015,Côte d'Ivoire,PMO - US,Direct Drop,EXW,Air,21-Mar-13,21-Mar-13,ARV,Adult,MYLAN LABORATORIES LTD (FORMERLY MATRIX LABORATORIES),SKU0119,"Atazanavir/Ritonavir 300/100mg, tablets, 30 Tabs",Generic,30,1400,31500,22.5,0.75,Mylan (formerly Matrix) Nashik,364,4171.65,44.16
27026,South Africa,PMO - US,Direct Drop,DDP,Air,19-Jul-10,29-Jul-10,ARV,Adult,CIPLA LIMITED,SKU0029,"Tenofovir Disoproxil Fumarate 300mg, tablets, 30 Tabs",Generic,30,2016,15765.12,7.82,0.26,"Cipla, Goa, India",136,1881.24,33.99
27049,Ghana,PMO - US,Direct Drop,EXW,Air,8-Sep-14,8-Sep-14,ARV,Adult,HETERO LABS LIMITED,SKU0107,"Lamivudine/Tenofovir Disoproxil Fumarate 300/300mg, tablets, 30 Tabs",Generic,30,17447,80605.14,4.62,0.15,Hetero Unit III Hyderabad IN,1825,10790.63,82.86
27067,Nigeria,PMO - US,Direct Drop,EXW,Air,27-Aug-13,27-Aug-13,HRDT,HIV test,"CHEMBIO DIAGNOSTIC SYSTEMS, INC.",SKU0016,"HIV 1/2, Stat-Pak HIV, Kit, 20 Tests",Stat-Pak,20,202,6464,32,1.6,Chembio Diagnostics Sys. Inc.,60,624.92,8
27092,Uganda,PMO - US,Direct Drop,FCA,Air,26-Jul-13,26-Jul-13,ARV,Pediatric,ABBVIE LOGISTICS (FORMERLY ABBOTT LOGISTICS BV),SKU0045,"Lopinavir/Ritonavir 100/25mg [Aluvia], tablets, 60 Tabs",Generic,60,2565,15236.1,5.94,0.1,ABBVIE Ludwigshafen Germany,304,2808.12,18.85
27118,Nigeria,PMO - US,Direct Drop,EXW,Air,18-Feb-14,14-Feb-14,HRDT,HIV test,"Orgenics, Ltd",SKU0002,"HIV 1/2, Determine Complete HIV Kit, 100 Tests",Determine,100,9241,822449,89,0.89,"Alere Medical Co., Ltd.",3744,57484.06,1017.37
27177,Haiti,PMO - US,Direct Drop,EXW,Air,5-Mar-12,5-Mar-12,HRDT,HIV test,"SHANGHAI KEHUA BIOENGINEERING CO.,LTD.  (KHB)",SKU0063,"HIV 1/2, SKB Colloidal Gold, Diagnostic Kit, Antibody, 50 Tests",Colloidal Gold,1,505,12372.5,24.5,24.5,"KHB Test Kit Facility, Shanghai China",367,3638.86,17.35
27185,South Africa,PMO - US,Direct Drop,DDP,Ocean,2-Sep-11,2-Sep-11,ARV,Pediatric,Aurobindo Pharma Limited,SKU0066,"Efavirenz 200mg, capsule, 90 Caps",Generic,90,300,2451,8.17,0.09,"Aurobindo Unit III, India",40,422.84,4.04
27186,South Africa,PMO - US,Direct Drop,DDP,Truck,31-Aug-09,31-Aug-09,ARV,Adult,S. BUYS WHOLESALER,SKU0021,"Tenofovir Disoproxil Fumarate 300mg [Viread], tablets, 30 Tabs",Viread,30,100,2733.35,27.33,0.91,"Aspen-OSD, Port Elizabeth, SA",Weight Captured Separately,Freight Included in Commodity Cost,5.36
27200,South Africa,PMO - US,Direct Drop,DDP,Air,2-Sep-11,2-Sep-11,ARV,Adult,HETERO LABS LIMITED,SKU0026,"Efavirenz 600mg, tablets, 30 Tabs",Generic,30,92500,435675,4.71,0.16,Hetero Unit III Hyderabad IN,8025,9706.85,718.86
27234,Rwanda,PMO - US,Direct Drop,EXW,Air,15-Jan-15,15-Jan-15,ARV,Pediatric,Aurobindo Pharma Limited,SKU0155,"Lopinavir/Ritonavir 100/25mg, tablets, 60 Tabs",Generic,60,607,4880.28,8.04,0.13,"Aurobindo Unit III, India",66,1026.4,5.02
27236,Haiti,PMO - US,Direct Drop,EXW,Air,14-Aug-13,14-Aug-13,ARV,Adult,MICRO LABS LIMITED,SKU0003,"Lamivudine 150mg, tablets, 60 Tabs",Generic,60,1260,2318.4,1.84,0.03,"Micro labs, Verna, Goa, India",See ASN-20434 (ID#:13874),See ASN-20434 (ID#:13874),2.87
27238,Sudan,PMO - US,Direct Drop,EXW,Air,7-Feb-12,7-Feb-12,HRDT,HIV test,"Trinity Biotech, Plc",SKU0009,"HIV 1/2, Uni-Gold HIV Kit, 20 Tests",Uni-Gold,20,53,1696,32,1.6,"Trinity Biotech, Plc",18,569.11,2.8
27267,Vietnam,PMO - US,Direct Drop,EXW,Air,29-Nov-12,29-Nov-12,ARV,Adult,Aurobindo Pharma Limited,SKU0054,"Lamivudine/Nevirapine/Zidovudine 150/200/300mg, tablets, 60 Tabs",Generic,60,37215,320049,8.6,0.14,"Aurobindo Unit III, India",See ASN-17075 (ID#:20697),See ASN-17075 (ID#:20697),448.71
27269,Rwanda,PMO - US,Direct Drop,FCA,Air,16-Sep-14,16-Sep-14,ARV,Adult,ABBVIE LOGISTICS (FORMERLY ABBOTT LOGISTICS BV),SKU0110,"Ritonavir 100mg [Norvir], film coated tablets, 60 Tabs",Norvir,60,1514,10370.9,6.85,0.11,ABBVIE Ludwigshafen Germany,204,1949.64,10.66
27297,Guyana,PMO - US,Direct Drop,EXW,Air,28-Aug-15,28-Aug-15,HRDT,HIV test,"Trinity Biotech, Plc",SKU0009,"HIV 1/2, Uni-Gold HIV Kit, 20 Tests",Uni-Gold,20,1543,49376,32,1.6,"Trinity Biotech, Plc",Weight Captured Separately,Invoiced Separately,58.12
27300,Rwanda,PMO - US,Direct Drop,EXW,Air,17-Jun-11,17-Jun-11,ARV,Adult,HETERO LABS LIMITED,SKU0026,"Efavirenz 600mg, tablets, 30 Tabs",Generic,30,43657,180303.41,4.13,0.14,Hetero Unit III Hyderabad IN,3720,35499.58,388.73
27327,Nigeria,PMO - US,Direct Drop,EXW,Air,18-Sep-13,24-Sep-13,HRDT,HIV test,"Orgenics, Ltd",SKU0002,"HIV 1/2, Determine Complete HIV Kit, 100 Tests",Determine,100,3023,269047,89,0.89,"Alere Medical Co., Ltd.",1221,12793.7,332.81
27400,Zambia,PMO - US,Direct Drop,EXW,Air,18-Sep-13,18-Sep-13,HRDT,HIV test,"Trinity Biotech, Plc",SKU0009,"HIV 1/2, Uni-Gold HIV Kit, 20 Tests",Uni-Gold,20,3000,96000,32,1.6,"Trinity Biotech, Plc",880,7616.19,118.75
27421,Tanzania,PMO - US,Direct Drop,EXW,Air,31-Dec-12,31-Dec-12,HRDT,HIV test,"Orgenics, Ltd",SKU0002,"HIV 1/2, Determine Complete HIV Kit, 100 Tests",Determine,100,762,60960,80,0.8,"Alere Medical Co., Ltd.",362,7060.97,75.41
27430,South Africa,PMO - US,Direct Drop,DDP,Truck,12-May-15,12-May-15,ARV,Adult,PHARMACY DIRECT,SKU0069,"Didanosine 250mg, delayed-release capsules, 30 Caps",Generic,30,3,33.05,11.02,0.37,"Aurobindo Unit III, India",Weight Captured Separately,Freight Included in Commodity Cost,0.03
27460,Vietnam,PMO - US,Direct Drop,EXW,Air,29-Jul-14,29-Jul-14,ARV,Adult,HETERO LABS LIMITED,SKU0058,"Abacavir 300mg, tablets, 60 Tabs",Generic,60,1600,18320,11.45,0.19,Hetero Unit III Hyderabad IN,See ASN-26923 (ID#:13027),See ASN-26923 (ID#:13027),18.83
27461,South Africa,PMO - US,Direct Drop,DDP,Truck,28-Nov-14,28-Nov-14,ARV,Adult,PHARMACY DIRECT,SKU0129,"Raltegravir 400mg [Isentress], tablets, 60 Tabs",Isentress,60,45,2752.41,61.16,1.02,"MSD, Haarlem, NL",Weight Captured Separately,Freight Included in Commodity Cost,2.83
27462,Guyana,PMO - US,Direct Drop,FCA,Air,29-Oct-13,29-Oct-13,ARV,Pediatric,ABBVIE LOGISTICS (FORMERLY ABBOTT LOGISTICS BV),SKU0042,"Lopinavir/Ritonavir 80/20mg/ml [Kaletra], oral solution, cool, Bottle 5 x 60 ml",Kaletra,300,12,729.84,60.82,0.2,ABBVIE (Abbott) Logis. UK,48,749.36,0.9
27474,Sudan,PMO - US,Direct Drop,EXW,Air,7-May-10,7-May-10,HRDT,HIV test,"Trinity Biotech, Plc",SKU0009,"HIV 1/2, Uni-Gold HIV Kit, 20 Tests",Uni-Gold,20,160,5120,32,1.6,"Trinity Biotech, Plc",53,1310.92,11.04
27553,South Africa,PMO - US,Direct Drop,DDP,Truck,11-Jun-10,11-Jun-10,ARV,Pediatric,S. BUYS WHOLESALER,SKU0042,"Lopinavir/Ritonavir 80/20mg/ml [Kaletra], oral solution, cool, Bottle 5 x 60 ml",Kaletra,300,120,4978.94,41.49,0.14,ABBVIE (Abbott) Logis. UK,Weight Captured Separately,Freight Included in Commodity Cost,10.73
27563,South Africa,PMO - US,Direct Drop,DDP,Ocean,29-Dec-10,29-Dec-10,ARV,Adult,Aurobindo Pharma Limited,SKU0029,"Tenofovir Disoproxil Fumarate 300mg, tablets, 30 Tabs",Generic,30,28330,188394.5,6.65,0.22,"Aurobindo Unit III, India",2645,5112.92,406.18
27574,Kenya,PMO - US,Direct Drop,CIP,Air,10-Dec-12,10-Dec-12,HRDT,HIV test,"Orgenics, Ltd",SKU0002,"HIV 1/2, Determine Complete HIV Kit, 100 Tests",Determine,100,1005,89445,89,0.89,"Alere Medical Co., Ltd.",Weight Captured Separately,Freight Included in Commodity Cost,125.4
27586,South Sudan,PMO - US,Direct Drop,EXW,Air,30-Nov-12,30-Nov-12,HRDT,HIV test - Ancillary,"Orgenics, Ltd",SKU0084,"Capillary Tubes, for Determine, EDTA, 50uL,100 Pcs",Determine,100,173,1384,8,0.08,"Alere Medical Co., Ltd.",201,5124.22,1.94
27604,Rwanda,PMO - US,Direct Drop,EXW,Air,25-Feb-15,25-Feb-15,HRDT,HIV test,"Orgenics, Ltd",SKU0002,"HIV 1/2, Determine Complete HIV Kit, 100 Tests",Determine,100,1144,91520,80,0.8,"Alere Medical Co., Ltd.",468,8806.76,94.08
27614,"Congo, DRC",PMO - US,Direct Drop,EXW,Air,4-Nov-14,4-Nov-14,HRDT,HIV test,"Trinity Biotech, Plc",SKU0009,"HIV 1/2, Uni-Gold HIV Kit, 20 Tests",Uni-Gold,20,47,1504,32,1.6,"Trinity Biotech, Plc",See ASN-28279 (ID#:13547),See ASN-28279 (ID#:13547),1.55
27634,Rwanda,PMO - US,Direct Drop,EXW,Air,22-Aug-14,22-Aug-14,ARV,Adult,MYLAN LABORATORIES LTD (FORMERLY MATRIX LABORATORIES),SKU0119,"Atazanavir/Ritonavir 300/100mg, tablets, 30 Tabs",Generic,30,3000,60000,20,0.67,Mylan (formerly Matrix) Nashik,405,3484.48,61.68
27664,Ghana,PMO - US,Direct Drop,EXW,Air,3-Nov-14,3-Nov-14,ARV,Adult,HETERO LABS LIMITED,SKU0107,"Lamivudine/Tenofovir Disoproxil Fumarate 300/300mg, tablets, 30 Tabs",Generic,30,45632,210819.84,4.62,0.15,Hetero Unit III Hyderabad IN,4539,22271.36,216.72
27670,Uganda,PMO - US,Direct Drop,EXW,Air,30-Sep-13,30-Sep-13,HRDT,HIV test,BIO-RAD LABORATORIES (FRANCE),SKU0156,"HIV 1/2, Genie III Kit, 50 Tests",Genie,50,15,1363.65,90.91,1.82,Bio-Rad Laboratories,8,855.41,1.69
27675,Sudan,PMO - US,Direct Drop,EXW,Air,24-Jun-11,24-Jun-11,HRDT,HIV test - Ancillary,"Standard Diagnostics, Inc.",SKU0116,"HIV 1/2, Bioline 3.0 Diluent, 25 Tests, Bottle x 5 ml",Bioline,1,13,11.7,0.9,0.9,"Standard Diagnostics, Korea",2,1193.15,0.02
27697,Haiti,PMO - US,Direct Drop,EXW,Air,23-Jul-15,23-Jul-15,ARV,Adult,EMCURE PHARMACEUTICALS LTD,SKU0119,"Atazanavir/Ritonavir 300/100mg, tablets, 30 Tabs",Generic,30,1052,18936,18,0.6,"Emcure Plot No.P-2, I.T-B.T. Park, Phase II, MIDC, Hinjwadi, Pune, India",138,1719.78,19.47
27708,Côte d'Ivoire,PMO - US,Direct Drop,EXW,Air,25-Apr-12,25-Apr-12,HRDT,HIV test,"Orgenics, Ltd",SKU0002,"HIV 1/2, Determine Complete HIV Kit, 100 Tests",Determine,100,596,47680,80,0.8,"Alere Medical Co., Ltd.",287,7024.86,66.85
27765,Uganda,PMO - US,Direct Drop,EXW,Air,1-Aug-14,1-Aug-14,ARV,Adult,STRIDES ARCOLAB LIMITED,SKU0026,"Efavirenz 600mg, tablets, 30 Tabs",Generic,30,61150,195068.5,3.19,0.11,"Strides, Bangalore, India.",3858,20553.85,200.53
27777,Ethiopia,PMO - US,Direct Drop,EXW,Air,31-Jul-12,31-Jul-12,HRDT,HIV test,"SHANGHAI KEHUA BIOENGINEERING CO.,LTD.  (KHB)",SKU0063,"HIV 1/2, SKB Colloidal Gold, Diagnostic Kit, Antibody, 50 Tests",Colloidal Gold,1,1362,33369,24.5,24.5,"KHB Test Kit Facility, Shanghai China",950,8859.91,46.78
27781,South Africa,PMO - US,Direct Drop,DDP,Truck,26-Jan-15,26-Jan-15,ARV,Adult,PHARMACY DIRECT,SKU0058,"Abacavir 300mg, tablets, 60 Tabs",Generic,60,53,2642.19,49.85,0.83,"Aurobindo Unit III, India",Weight Captured Separately,Freight Included in Commodity Cost,2.72
27798,Ethiopia,PMO - US,Direct Drop,EXW,Air,15-Feb-10,15-Feb-10,ARV,Adult,MYLAN LABORATORIES LTD (FORMERLY MATRIX LABORATORIES),SKU0026,"Efavirenz 600mg, tablets, 30 Tabs",Generic,30,7197,32314.53,4.49,0.15,Mylan (formerly Matrix) Nashik,530,1860.69,69.67
27804,Haiti,PMO - US,Direct Drop,FCA,Air,7-Jul-15,7-Jul-15,ARV,Adult,ABBVIE LOGISTICS (FORMERLY ABBOTT LOGISTICS BV),SKU0008,"Lopinavir/Ritonavir 200/50mg [Aluvia], tablets, 120 Tabs",Aluvia,120,6050,111743.5,18.47,0.15,ABBVIE Ludwigshafen Germany,See ASN-32716 (ID#:22417),See ASN-32716 (ID#:22417),114.87
27820,Uganda,PMO - US,Direct Drop,DDP,Air,22-Jul-11,22-Jul-11,ARV,Adult,ASPEN PHARMACARE,SKU0115,"Etravirine 100mg [Intelence], tablets, 120 Tabs",Intelence,120,93,7839.9,84.3,0.7,"Janssen-Cilag, Latina, IT",22,140,12.94
27829,South Sudan,PMO - US,Direct Drop,EXW,Air,3-Oct-14,3-Oct-14,HRDT,HIV test - Ancillary,"Orgenics, Ltd",SKU0084,"Capillary Tubes, for Determine, EDTA, 50uL,100 Pcs",Determine,100,115,920,8,0.08,"Alere Medical Co., Ltd.",173,4594.07,0.95
27833,Vietnam,PMO - US,Direct Drop,EXW,Air,13-Jul-13,13-Jul-13,ARV,Adult,MYLAN LABORATORIES LTD (FORMERLY MATRIX LABORATORIES),SKU0113,"Efavirenz/Lamivudine/Tenofovir Disoproxil Fumarate 600/300/300mg, tablets, 30 Tabs",Generic,30,42699,490611.51,11.49,0.38,Mylan (formerly Matrix) Nashik,4806,18700.09,606.89
27842,Uganda,PMO - US,Direct Drop,EXW,Air,13-May-14,13-May-14,HRDT,HIV test,"Trinity Biotech, Plc",SKU0009,"HIV 1/2, Uni-Gold HIV Kit, 20 Tests",Uni-Gold,20,2481,79392,32,1.6,"Trinity Biotech, Plc",780,5024.15,81.61
27875,Vietnam,PMO - US,Direct Drop,EXW,Air,9-Jan-13,9-Jan-13,ARV,Pediatric,Aurobindo Pharma Limited,SKU0117,"Zidovudine 10mg/ml, oral solution w/syringe, Bottle, 240 ml",Generic,240,309,648.9,2.1,0.01,"Aurobindo Unit III, India",See ASN-17572 (ID#:19630),See ASN-17572 (ID#:19630),0.8
27881,Tanzania,PMO - US,Direct Drop,FCA,Air,14-Jul-11,14-Jul-11,ARV,Adult,LAWRENCE LABORATORIES (SUBSIDIARY OF BRISTOL MYERS SQUIBB),SKU0031,"Didanosine EC 250mg [Videx EC], delayed-release capsules, Blister 3 x 10 Caps",Videx EC,30,6357,116587.38,18.34,0.61,Bristol-Myers Squibb Anagni IT,1272,10816.49,192.37
27936,South Africa,PMO - US,Direct Drop,DDP,Truck,12-May-15,12-May-15,ARV,Adult,PHARMACY DIRECT,SKU0129,"Raltegravir 400mg [Isentress], tablets, 60 Tabs",Isentress,60,1,61.16,61.16,1.02,"MSD, Haarlem, NL",Weight Captured Separately,Freight Included in Commodity Cost,0.06
27938,Zambia,PMO - US,Direct Drop,EXW,Air,30-Nov-11,30-Nov-11,HRDT,HIV test,"Trinity Biotech, Plc",SKU0009,"HIV 1/2, Uni-Gold HIV Kit, 20 Tests",Uni-Gold,20,5920,189440,32,1.6,"Trinity Biotech, Plc",1896,25136.39,312.58
27942,Angola,PMO - US,Direct Drop,FCA,Air,25-Apr-13,25-Apr-13,ARV,Pediatric,ABBVIE LOGISTICS (FORMERLY ABBOTT LOGISTICS BV),SKU0042,"Lopinavir/Ritonavir 80/20mg/ml [Kaletra], oral solution, cool, Bottle 5 x 60 ml",Kaletra,300,480,14793.6,30.82,0.1,ABBVIE (Abbott) Logis. UK,492,4281.43,18.3
27964,Haiti,PMO - US,Direct Drop,EXW,Air,13-May-15,13-May-15,ARV,Adult,JANSSEN SCIENCES IRELAND UC (FORMERLY JANSSEN R&D IRELAND),SKU0115,"Etravirine 100mg [Intelence], tablets, 120 Tabs",Intelence,120,140,5040,36,0.3,"Janssen-Cilag, Latina, IT",Weight Captured Separately,Invoiced Separately,5.18
27969,South Africa,PMO - US,Direct Drop,DDP,Truck,5-Nov-14,5-Nov-14,ARV,Adult,PHARMACY DIRECT,SKU0121,"Darunavir 600mg [Prezista], tablets, 60 Tabs",Prezista,60,15,978.47,65.23,1.09,"Janssen-Cilag, Latina, IT",Weight Captured Separately,Freight Included in Commodity Cost,1.01
28001,Nigeria,PMO - US,Direct Drop,EXW,Air,9-Jan-13,26-Feb-13,HRDT,HIV test,"Orgenics, Ltd",SKU0002,"HIV 1/2, Determine Complete HIV Kit, 100 Tests",Determine,100,2853,253917,89,0.89,"Alere Medical Co., Ltd.",1294,Freight Included in Commodity Cost,355.99
28031,Vietnam,PMO - US,Direct Drop,EXW,Air,30-Mar-10,30-Mar-10,ARV,Adult,Aurobindo Pharma Limited,SKU0069,"Didanosine 250mg, delayed-release capsules, 30 Caps",Generic,30,84,1092,13,0.43,"Aurobindo Unit III, India",6,363.96,2.35
28039,Guyana,PMO - US,Direct Drop,FCA,Air,18-Jan-13,18-Jan-13,ARV,Pediatric,ABBVIE LOGISTICS (FORMERLY ABBOTT LOGISTICS BV),SKU0042,"Lopinavir/Ritonavir 80/20mg/ml [Kaletra], oral solution, cool, Bottle 5 x 60 ml",Kaletra,300,21,1277.22,60.82,0.2,ABBVIE (Abbott) Logis. UK,52,1097.08,1.79
28085,Vietnam,PMO - US,Direct Drop,EXW,Air,1-Mar-12,1-Mar-12,ARV,Adult,Aurobindo Pharma Limited,SKU0058,"Abacavir 300mg, tablets, 60 Tabs",Generic,60,388,5606.6,14.45,0.24,"Aurobindo Unit III, India",See ASN-13475 (ID#:15772),See ASN-13475 (ID#:15772),9.25
28086,South Africa,PMO - US,Direct Drop,DDP,Truck,26-Jan-15,26-Jan-15,ARV,Adult,PHARMACY DIRECT,SKU0014,"Zidovudine 300mg, tablets, 60 Tabs",Generic,60,12,216.37,18.03,0.3,"Aurobindo Unit III, India",Weight Captured Separately,Freight Included in Commodity Cost,0.22
28158,South Africa,PMO - US,Direct Drop,DDP,Truck,6-Feb-14,6-Feb-14,ARV,Adult,S. BUYS WHOLESALER,SKU0105,"Emtricitabine/Tenofovir Disoproxil Fumarate 200/300mg, tablets, 30 Tabs",Generic,30,12,339.36,28.28,0.94,"Aurobindo Unit III, India",Weight Captured Separately,Freight Included in Commodity Cost,0.42
28160,South Africa,PMO - US,Direct Drop,DDP,Truck,14-Jul-15,14-Jul-15,ARV,Pediatric,PHARMACY DIRECT,SKU0042,"Lopinavir/Ritonavir 80/20mg/ml [Kaletra], oral solution, cool, Bottle 5 x 60 ml",Kaletra,300,4,68.56,17.14,0.06,ABBVIE (Abbott) Logis. UK,Weight Captured Separately,Freight Included in Commodity Cost,0.07
28181,South Africa,PMO - US,Direct Drop,DDP,Ocean,3-Nov-11,3-Nov-11,ARV,Adult,STRIDES ARCOLAB LIMITED,SKU0003,"Lamivudine 150mg, tablets, 60 Tabs",Generic,60,356876,867208.68,2.43,0.04,"Strides, Bangalore, India.",16391,20258.29,1430.89
28190,South Africa,PMO - US,Direct Drop,DDP,Ocean,5-Sep-11,5-Sep-11,ARV,Adult,Aurobindo Pharma Limited,SKU0014,"Zidovudine 300mg, tablets, 60 Tabs",Generic,60,100000,730000,7.3,0.12,"Aurobindo Unit III, India",5177,10405.58,1204.5
28192,Rwanda,PMO - US,Direct Drop,CIP,Air,9-Feb-11,9-Feb-11,ARV,Adult,CIPLA LIMITED,SKU0135,"Lopinavir/Ritonavir 200/50mg, tablets, 120 Tabs",Generic,120,11440,392392,34.3,0.29,Cipla Ltd A-42 MIDC Mahar. IN,Weight Captured Separately,Freight Included in Commodity Cost,846
28204,South Africa,PMO - US,Direct Drop,DDP,Ocean,20-Dec-10,20-Dec-10,ARV,Adult,Aurobindo Pharma Limited,SKU0029,"Tenofovir Disoproxil Fumarate 300mg, tablets, 30 Tabs",Generic,30,88289,610076.99,6.91,0.23,"Aurobindo Unit III, India",7540,5460.48,1315.33
28210,Tanzania,PMO - US,Direct Drop,EXW,Air,9-Oct-12,9-Oct-12,ARV,Adult,Aurobindo Pharma Limited,SKU0026,"Efavirenz 600mg, tablets, 30 Tabs",Generic,30,64980,214434,3.3,0.11,"Aurobindo Unit III, India",5578,18826.62,300.64
28230,Mozambique,PMO - US,Direct Drop,EXW,Air,17-Mar-10,17-Mar-10,HRDT,HIV test,"Orgenics, Ltd",SKU0017,"HIV 1/2, Determine HIV Kit, without Lancets, 100 Tests",Determine,100,5200,364000,70,0.7,Inverness Japan,1179,14110.84,784.78
28231,South Africa,PMO - US,Direct Drop,DDP,Truck,28-Nov-14,28-Nov-14,ARV,Adult,PHARMACY DIRECT,SKU0003,"Lamivudine 150mg, tablets, 60 Tabs",Generic,60,161,1063.65,6.61,0.11,"Aurobindo Unit III, India",Weight Captured Separately,Freight Included in Commodity Cost,1.09
28240,Zimbabwe,PMO - US,Direct Drop,FCA,Air,17-Mar-11,17-Mar-11,ARV,Pediatric,ABBVIE LOGISTICS (FORMERLY ABBOTT LOGISTICS BV),SKU0042,"Lopinavir/Ritonavir 80/20mg/ml [Kaletra], oral solution, cool, Bottle 5 x 60 ml",Kaletra,300,2166,78322.56,36.16,0.12,ABBVIE (Abbott) Logis. UK,2480,18756.25,168.86
28241,Vietnam,PMO - US,Direct Drop,FCA,Air,7-Oct-13,7-Oct-13,ARV,Adult,ABBVIE LOGISTICS (FORMERLY ABBOTT LOGISTICS BV),SKU0008,"Lopinavir/Ritonavir 200/50mg [Aluvia], tablets, 120 Tabs",Aluvia,120,8566,520984.12,60.82,0.51,ABBVIE Ludwigshafen Germany,2042,6969.82,644.46
28262,South Africa,PMO - US,Direct Drop,DDP,Ocean,14-Jul-11,14-Jul-11,ARV,Adult,CIPLA LIMITED,SKU0029,"Tenofovir Disoproxil Fumarate 300mg, tablets, 30 Tabs",Generic,30,48000,310560,6.47,0.22,"Cipla, Goa, India",3247,7180.16,512.42
28265,Burundi,PMO - US,Direct Drop,EXW,Air,3-May-13,3-May-13,HRDT,HIV test,"Orgenics, Ltd",SKU0002,"HIV 1/2, Determine Complete HIV Kit, 100 Tests",Determine,100,1560,124800,80,0.8,"Alere Medical Co., Ltd.",676,14189.02,154.38
28268,South Africa,PMO - US,Direct Drop,DDP,Truck,10-Dec-14,10-Dec-14,ARV,Pediatric,S. BUYS WHOLESALER,SKU0042,"Lopinavir/Ritonavir 80/20mg/ml [Kaletra], oral solution, cool, Bottle 5 x 60 ml",Kaletra,300,3,62.04,20.68,0.07,ABBVIE (Abbott) Logis. UK,Weight Captured Separately,Freight Included in Commodity Cost,0.07
28282,Cameroon,PMO - US,Direct Drop,FCA,Air,22-Jul-15,22-Jul-15,ARV,Pediatric,ABBVIE LOGISTICS (FORMERLY ABBOTT LOGISTICS BV),SKU0045,"Lopinavir/Ritonavir 100/25mg [Aluvia], tablets, 60 Tabs",Generic,60,8800,52272,5.94,0.1,ABBVIE Ludwigshafen Germany,1485,10334.23,61.52
28302,South Africa,PMO - US,Direct Drop,DDP,Truck,24-Aug-15,24-Aug-15,ARV,Adult,PHARMACY DIRECT,SKU0026,"Efavirenz 600mg, tablets, 30 Tabs",Generic,30,44,532.12,12.09,0.4,"Aurobindo Unit III, India",Weight Captured Separately,Freight Included in Commodity Cost,0.55
28306,South Sudan,PMO - US,Direct Drop,EXW,Air,13-Sep-13,13-Sep-13,HRDT,HIV test,"Orgenics, Ltd",SKU0002,"HIV 1/2, Determine Complete HIV Kit, 100 Tests",Determine,100,90,8010,89,0.89,"Alere Medical Co., Ltd.",39,1405.56,9.91
28309,South Africa,PMO - US,Direct Drop,DDP,Truck,16-Feb-15,16-Feb-15,ARV,Pediatric,PHARMACY DIRECT,SKU0042,"Lopinavir/Ritonavir 80/20mg/ml [Kaletra], oral solution, cool, Bottle 5 x 60 ml",Kaletra,300,3,66.2,22.07,0.07,ABBVIE (Abbott) Logis. UK,Weight Captured Separately,Freight Included in Commodity Cost,0.07
28318,Dominican Republic,PMO - US,Direct Drop,EXW,Air,1-Apr-13,1-Apr-13,HRDT,HIV test,"Orgenics, Ltd",SKU0002,"HIV 1/2, Determine Complete HIV Kit, 100 Tests",Determine,100,1775,163300,92,0.92,"Alere Medical Co., Ltd.",791,12643.47,202
28322,Tanzania,PMO - US,Direct Drop,EXW,Air,4-Oct-13,4-Oct-13,ARV,Adult,CIPLA LIMITED,SKU0054,"Lamivudine/Nevirapine/Zidovudine 150/200/300mg, tablets, 60 Tabs",Generic,60,150000,1215000,8.1,0.13,"Cipla, Goa, India",21674,90677.04,1502.96
28331,Kenya,PMO - US,Direct Drop,EXW,Air,22-Mar-12,22-Mar-12,HRDT,HIV test,"Orgenics, Ltd",SKU0002,"HIV 1/2, Determine Complete HIV Kit, 100 Tests",Determine,100,7018,624602,89,0.89,"Alere Medical Co., Ltd.",2305,24428.55,875.69
28333,Nigeria,PMO - US,Direct Drop,DDP,Air,25-May-15,25-May-15,HRDT,HIV test,ACOUNS NIGERIA LTD,SKU0017,"HIV 1/2, Determine HIV Kit, without Lancets, 100 Tests",Determine,100,6107,407642.25,66.75,0.67,"Alere Medical Co., Ltd.",Weight Captured Separately,Freight Included in Commodity Cost,479.79
28335,Kenya,PMO - US,Direct Drop,EXW,Air,18-Jan-10,18-Jan-10,HRDT,HIV test,"Orgenics, Ltd",SKU0002,"HIV 1/2, Determine Complete HIV Kit, 100 Tests",Determine,100,3750,300000,80,0.8,Inverness Japan,1065,10075.76,588
28418,Tanzania,PMO - US,Direct Drop,EXW,Air,9-Oct-12,12-Oct-12,ARV,Adult,Aurobindo Pharma Limited,SKU0026,"Efavirenz 600mg, tablets, 30 Tabs",Generic,30,25741,84945.3,3.3,0.11,"Aurobindo Unit III, India",2210,9452.02,119.09
28439,Nigeria,PMO - US,Direct Drop,EXW,Air,14-Jul-15,14-Jul-15,HRDT,HIV test,"Orgenics, Ltd",SKU0002,"HIV 1/2, Determine Complete HIV Kit, 100 Tests",Determine,100,6380,567820,89,0.89,"Alere Medical Co., Ltd.",2587,Freight Included in Commodity Cost,668.32
28471,Nigeria,PMO - US,Direct Drop,EXW,Air,6-Nov-12,9-Nov-12,HRDT,HIV test,"Orgenics, Ltd",SKU0002,"HIV 1/2, Determine Complete HIV Kit, 100 Tests",Determine,100,2835,252315,89,0.89,"Alere Medical Co., Ltd.",1352,31284.02,353.75
28493,Nigeria,PMO - US,Direct Drop,FCA,Air,15-Mar-10,15-Mar-10,ARV,Adult,ABBVIE LOGISTICS (FORMERLY ABBOTT LOGISTICS BV),SKU0052,"Ritonavir 100mg [Norvir], capsules, cool, 4 x 84 Caps",Norvir,336,194,7441.84,38.36,0.11,ABBVIE (Abbott) Logis. UK,390,2818.79,16.04
28506,Vietnam,PMO - US,Direct Drop,EXW,Air,25-Sep-13,25-Sep-13,ARV,Adult,HETERO LABS LIMITED,SKU0014,"Zidovudine 300mg, tablets, 60 Tabs",Generic,60,503,2892.25,5.75,0.1,Hetero Unit III Hyderabad IN,See ASN-21668 (ID#:17501),See ASN-21668 (ID#:17501),3.58
28515,South Africa,PMO - US,Direct Drop,DDP,Ocean,6-Jan-11,31-Jan-11,ARV,Pediatric,Aurobindo Pharma Limited,SKU0126,"Nevirapine 10mg/ml, oral suspension w/syringe, Bottle, 240 ml",Generic,240,14065,29817.8,2.12,0.01,"Aurobindo Unit III, India",6196,1220.84,64.29
28532,Mozambique,PMO - US,Direct Drop,EXW,Air,12-Jul-11,12-Jul-11,HRDT,HIV test,"Orgenics, Ltd",SKU0017,"HIV 1/2, Determine HIV Kit, without Lancets, 100 Tests",Determine,100,2769,215151.3,77.7,0.78,Inverness Japan,628,7580.09,355
28534,Côte d'Ivoire,PMO - US,Direct Drop,CIP,Air,30-Sep-09,30-Sep-09,ARV,Adult,MERCK SHARP & DOHME IDEA GMBH (FORMALLY MERCK SHARP & DOHME B.V.),SKU0038,"Efavirenz/Emtricitabine/Tenofovir Disoproxil Fumarate 600/200/300mg [Atripla], tablets, 30 Tabs",Atripla,30,6120,308448,50.4,1.68,"MSD, Haarlem, NL",Weight Captured Separately,Freight Included in Commodity Cost,604.56
28542,South Africa,PMO - US,Direct Drop,DDP,Ocean,7-Apr-11,26-Apr-11,ARV,Adult,Aurobindo Pharma Limited,SKU0014,"Zidovudine 300mg, tablets, 60 Tabs",Generic,60,17470,128055.1,7.33,0.12,"Aurobindo Unit III, India",7765,4835.17,276.09
28544,Vietnam,PMO - US,Direct Drop,EXW,Air,26-Mar-15,26-Mar-15,ARV,Adult,MYLAN LABORATORIES LTD (FORMERLY MATRIX LABORATORIES),SKU0011,"Lamivudine/Zidovudine 150/300mg, tablets, 60 Tabs",Generic,60,5700,36993,6.49,0.11,Mylan (formerly Matrix) Nashik,498,1477.34,38.03
28545,Botswana,PMO - US,Direct Drop,EXW,Air,5-Feb-10,5-Feb-10,HRDT,HIV test,Orasure Technologies Inc.,SKU0018,"HIV 1/2, OraQuick Advance HIV Rapid Antibody Kit, 100 Tests",OraQuick,100,20,7000,350,3.5,"Pacific Biotech, Thailand",48,1716.47,13.72
28553,South Africa,PMO - US,Direct Drop,DDP,Ocean,3-Nov-11,3-Nov-11,ARV,Adult,STRIDES ARCOLAB LIMITED,SKU0003,"Lamivudine 150mg, tablets, 60 Tabs",Generic,60,158124,384241.32,2.43,0.04,"Strides, Bangalore, India.",7467,20258.28,634
28566,Zambia,PMO - US,Direct Drop,EXW,Air,23-Aug-13,23-Aug-13,HRDT,HIV test,"Orgenics, Ltd",SKU0002,"HIV 1/2, Determine Complete HIV Kit, 100 Tests",Determine,100,2730,218400,80,0.8,"Alere Medical Co., Ltd.",1184,17657.02,270.16
29155,Haiti,PMO - US,Direct Drop,EXW,Air,13-May-15,13-May-15,ARV,Adult,JANSSEN SCIENCES IRELAND UC (FORMERLY JANSSEN R&D IRELAND),SKU0121,"Darunavir 600mg [Prezista], tablets, 60 Tabs",Prezista,60,600,32400,54,0.9,"Janssen-Cilag, Latina, IT",120,1140.71,33.31
28577,Tanzania,PMO - US,Direct Drop,EXW,Air,6-Dec-10,6-Dec-10,ARV,Adult,MYLAN LABORATORIES LTD (FORMERLY MATRIX LABORATORIES),SKU0132,"Efavirenz/Emtricitabine/Tenofovir Disoproxil Fumarate 600/200/300mg, tablets, 30 Tabs",Generic,30,53149,1057665.1,19.9,0.66,Mylan (formerly Matrix) Nashik,5808,28514.49,2280.33
28595,Vietnam,PMO - US,Direct Drop,EXW,Air,22-Sep-14,22-Sep-14,ARV,Adult,HETERO LABS LIMITED,SKU0113,"Efavirenz/Lamivudine/Tenofovir Disoproxil Fumarate 600/300/300mg, tablets, 30 Tabs",Generic,30,8640,90720,10.5,0.35,Hetero Unit III Hyderabad IN,See ASN-27812 (ID#:25926),See ASN-27812 (ID#:25926),93.26
28601,Haiti,PMO - US,Direct Drop,EXW,Air,20-Feb-15,20-Feb-15,HRDT,HIV test,"SHANGHAI KEHUA BIOENGINEERING CO.,LTD.  (KHB)",SKU0063,"HIV 1/2, SKB Colloidal Gold, Diagnostic Kit, Antibody, 50 Tests",Colloidal Gold,1,400,9800,24.5,24.5,"KHB Test Kit Facility, Shanghai China",253,3087.68,10.07
28617,Côte d'Ivoire,PMO - US,Direct Drop,EXW,Air,14-Dec-11,14-Dec-11,HRDT,HIV test,"Orgenics, Ltd",SKU0002,"HIV 1/2, Determine Complete HIV Kit, 100 Tests",Determine,100,1384,110720,80,0.8,"Alere Medical Co., Ltd.",661,13740.74,182.69
28656,Guyana,PMO - US,Direct Drop,EXW,Air,31-May-10,31-May-10,ARV,Adult,CIPLA LIMITED,SKU0135,"Lopinavir/Ritonavir 200/50mg, tablets, 120 Tabs",Generic,120,691,25567,37,0.31,Cipla Ltd A-42 MIDC Mahar. IN,191,1703.62,55.12
28664,Mozambique,PMO - US,Direct Drop,FCA,Air,24-May-11,24-May-11,ARV,Adult,Hoffmann-La Roche ltd Basel,SKU0027,"Saquinavir 200mg [Invirase], capsules, 270 Caps",Invirase,270,420,43478.98,103.52,0.38,Roche Basel,446,5017.18,71.74
28673,South Africa,PMO - US,Direct Drop,DDP,Ocean,16-Jan-12,23-Jan-12,ARV,Adult,Aurobindo Pharma Limited,SKU0026,"Efavirenz 600mg, tablets, 30 Tabs",Generic,30,119251,508009.26,4.26,0.14,"Aurobindo Unit III, India",9461,7292.27,838.22
28676,Guyana,PMO - US,Direct Drop,EXW,Air,1-Jul-13,1-Jul-13,HRDT,HIV test,"Trinity Biotech, Plc",SKU0009,"HIV 1/2, Uni-Gold HIV Kit, 20 Tests",Uni-Gold,20,3140,100480,32,1.6,"Trinity Biotech, Plc",1024,10304.62,124.29
28689,South Africa,PMO - US,Direct Drop,DDP,Truck,8-Oct-09,8-Oct-09,ARV,Pediatric,S. BUYS WHOLESALER,SKU0049,"Efavirenz 50mg, capsule, 30 Caps",Generic,30,5049,19974.44,3.96,0.13,"Aurobindo Unit III, India",Weight Captured Separately,Freight Included in Commodity Cost,39.15
28691,South Africa,PMO - US,Direct Drop,DDP,Truck,27-Aug-14,27-Aug-14,ARV,Adult,S. BUYS WHOLESALER,SKU0008,"Lopinavir/Ritonavir 200/50mg [Aluvia], tablets, 120 Tabs",Aluvia,120,31,798.55,25.76,0.21,ABBVIE Ludwigshafen Germany,Weight Captured Separately,Freight Included in Commodity Cost,0.99
28703,Mozambique,PMO - US,Direct Drop,EXW,Air,30-Nov-10,30-Nov-10,HRDT,HIV test,"Trinity Biotech, Plc",SKU0009,"HIV 1/2, Uni-Gold HIV Kit, 20 Tests",Uni-Gold,20,4445,142240,32,1.6,"Trinity Biotech, Plc",1112,18669.96,306.67
28724,South Africa,PMO - US,Direct Drop,DDP,Truck,24-Aug-15,24-Aug-15,ARV,Adult,PHARMACY DIRECT,SKU0007,"Nevirapine 200mg, tablets, 60 Tabs",Generic,60,24,329.7,13.74,0.23,"Aurobindo Unit III, India",Weight Captured Separately,Freight Included in Commodity Cost,0.34
28773,Haiti,PMO - US,Direct Drop,FCA,Air,6-Apr-11,6-Apr-11,HRDT,HIV test,"Orgenics, Ltd",SKU0017,"HIV 1/2, Determine HIV Kit, without Lancets, 100 Tests",Determine,100,2000,195360,97.68,0.98,Inverness Japan,453,7030.94,322.34
28777,Haiti,PMO - US,Direct Drop,EXW,Air,3-Nov-14,3-Nov-14,HRDT,HIV test,"SHANGHAI KEHUA BIOENGINEERING CO.,LTD.  (KHB)",SKU0063,"HIV 1/2, SKB Colloidal Gold, Diagnostic Kit, Antibody, 50 Tests",Colloidal Gold,1,400,9800,24.5,24.5,"KHB Test Kit Facility, Shanghai China",253,3145.85,10.07
28778,Zambia,PMO - US,Direct Drop,EXW,Air,11-Jul-13,11-Jul-13,ARV,Pediatric,CIPLA LIMITED,SKU0157,"Abacavir/Lamivudine 60/30mg, dispersible tablets, 60 Tabs",Generic,60,40000,240000,6,0.1,"Cipla, Patalganga, India",3533,20188.13,296.88
28802,Ethiopia,PMO - US,Direct Drop,EXW,Air,24-Dec-09,24-Dec-09,ARV,Adult,Aurobindo Pharma Limited,SKU0003,"Lamivudine 150mg, tablets, 60 Tabs",Generic,60,15000,35700,2.38,0.04,"Aurobindo Unit III, India",780,2949.1,76.97
28825,Rwanda,PMO - US,Direct Drop,CIP,Air,8-Sep-09,8-Sep-09,ARV,Adult,HETERO LABS LIMITED,SKU0007,"Nevirapine 200mg, tablets, 60 Tabs",Generic,60,12000,37080,3.09,0.05,Hetero Unit III Hyderabad IN,708,3891.2,72.68
28838,South Africa,PMO - US,Direct Drop,DDP,Ocean,4-Nov-10,4-Nov-10,ARV,Adult,STRIDES ARCOLAB LIMITED,SKU0003,"Lamivudine 150mg, tablets, 60 Tabs",Generic,60,150000,373500,2.49,0.04,"Strides, Bangalore, India.",7670,8256.97,805.27
28844,South Africa,PMO - US,Direct Drop,DDP,Truck,24-Jul-15,24-Jul-15,ARV,Pediatric,PHARMACY DIRECT,SKU0066,"Efavirenz 200mg, capsule, 90 Caps",Generic,90,10,170.44,17.04,0.19,"Aurobindo Unit III, India",Weight Captured Separately,Freight Included in Commodity Cost,0.18
28862,South Africa,PMO - US,Direct Drop,DDP,Truck,11-Sep-09,11-Sep-09,ARV,Adult,S. BUYS WHOLESALER,SKU0008,"Lopinavir/Ritonavir 200/50mg [Aluvia], tablets, 120 Tabs",Aluvia,120,8000,375880.98,46.99,0.39,ABBVIE Ludwigshafen Germany,Weight Captured Separately,Freight Included in Commodity Cost,736.73
28888,Mali,PMO - US,Direct Drop,EXW,Air,25-Mar-14,25-Mar-14,HRDT,HIV test,"Orgenics, Ltd",SKU0158,"HIV 1/2, ImmunoComb II BiSpot EIA Kit, 36 Tests",ImmunoComb,36,58,4930,85,2.36,"Alere Medical Co., Ltd.",23,1148.65,5.07
28908,South Africa,PMO - US,Direct Drop,DDP,Air,8-Dec-10,8-Dec-10,ARV,Adult,Aurobindo Pharma Limited,SKU0007,"Nevirapine 200mg, tablets, 60 Tabs",Generic,60,26369,76997.48,2.92,0.05,"Aurobindo Unit III, India",3110,5159.33,166.01
28913,Uganda,PMO - US,Direct Drop,EXW,Air,15-Jan-14,15-Jan-14,ARV,Adult,MYLAN LABORATORIES LTD (FORMERLY MATRIX LABORATORIES),SKU0119,"Atazanavir/Ritonavir 300/100mg, tablets, 30 Tabs",Generic,30,6000,120000,20,0.67,Mylan (formerly Matrix) Nashik,811,4139.95,123.36
28918,Mozambique,PMO - US,Direct Drop,EXW,Air,25-May-12,25-May-12,HRDT,HIV test,"Trinity Biotech, Plc",SKU0009,"HIV 1/2, Uni-Gold HIV Kit, 20 Tests",Uni-Gold,20,7500,240000,32,1.6,"Trinity Biotech, Plc",2451,35569.75,396
28923,Uganda,PMO - US,Direct Drop,EXW,Air,24-May-13,24-May-13,ARV,Adult,EMCURE PHARMACEUTICALS LTD,SKU0159,"Atazanavir 300mg, capsules, 30 Caps",Generic,30,132,2640,20,0.67,"Emcure Plot No.P-2, I.T-B.T. Park, Phase II, MIDC, Hinjwadi, Pune, India",12,1025.37,3.27
28928,South Africa,PMO - US,Direct Drop,DDP,Air,25-Nov-10,25-Nov-10,ARV,Adult,Aurobindo Pharma Limited,SKU0029,"Tenofovir Disoproxil Fumarate 300mg, tablets, 30 Tabs",Generic,30,40319,278604.29,6.91,0.23,"Aurobindo Unit III, India",3545,5953.38,600.67
28960,South Africa,PMO - US,Direct Drop,DDP,Truck,6-Feb-14,6-Feb-14,ARV,Adult,S. BUYS WHOLESALER,SKU0026,"Efavirenz 600mg, tablets, 30 Tabs",Generic,30,1131,17468.66,15.45,0.52,"Aurobindo Unit III, India",Weight Captured Separately,Freight Included in Commodity Cost,21.61
28992,Rwanda,PMO - US,Direct Drop,EXW,Air,29-Nov-12,29-Nov-12,ARV,Adult,Aurobindo Pharma Limited,SKU0134,"Didanosine 400mg, delayed-release capsules, 30 Caps",Generic,30,1680,33600,20,0.67,"Aurobindo Unit III, India",131,2004.44,47.11
28996,Afghanistan,PMO - US,Direct Drop,EXW,Air,18-Aug-15,18-Aug-15,ANTM,Malaria,AMSTELFARMA B.V.,SKU0088,"Sulfadoxine/Pyrimethamine 500/25mg, tablets, 1000 Tabs",Generic,1000,26,936,36,0.04,"Micro Labs, Hosur, India",21,525.56,1.1
28998,Vietnam,PMO - US,Direct Drop,FCA,Air,3-Jun-13,3-Jun-13,ARV,Adult,ABBVIE LOGISTICS (FORMERLY ABBOTT LOGISTICS BV),SKU0008,"Lopinavir/Ritonavir 200/50mg [Aluvia], tablets, 120 Tabs",Aluvia,120,3885,236285.7,60.82,0.51,ABBVIE Ludwigshafen Germany,930,8303.48,292.29
29020,Dominican Republic,PMO - US,Direct Drop,EXW,Air,8-Mar-11,8-Mar-11,ARV,Adult,Aurobindo Pharma Limited,SKU0069,"Didanosine 250mg, delayed-release capsules, 30 Caps",Generic,30,5100,66300,13,0.43,"Aurobindo Unit III, India",319,3026.24,109.4
29036,Uganda,PMO - US,Direct Drop,CIP,Air,7-Sep-10,7-Sep-10,ARV,Adult,MERCK SHARP & DOHME IDEA GMBH (FORMALLY MERCK SHARP & DOHME B.V.),SKU0129,"Raltegravir 400mg [Isentress], tablets, 60 Tabs",Isentress,60,63,5764.5,91.5,1.52,"MSD, Haarlem, NL",7,360,12.43
29043,Haiti,PMO - US,Direct Drop,EXW,Ocean,17-Nov-14,17-Nov-14,ARV,Pediatric,MYLAN LABORATORIES LTD (FORMERLY MATRIX LABORATORIES),SKU0124,"Lamivudine/Zidovudine 30/60mg, dispersible tablets, 60 Tabs",Generic,60,2550,5074.5,1.99,0.03,"Mylan,  H-12 & H-13, India",199,5215.49,5.22
29061,Sudan,PMO - US,Direct Drop,EXW,Air,3-Feb-12,3-Feb-12,HRDT,HIV test,"Orgenics, Ltd",SKU0002,"HIV 1/2, Determine Complete HIV Kit, 100 Tests",Determine,100,70,6230,89,0.89,"Alere Medical Co., Ltd.",33,1255.77,10.28
29071,Vietnam,PMO - US,Direct Drop,EXW,Air,12-Oct-12,12-Oct-12,ARV,Adult,HETERO LABS LIMITED,SKU0011,"Lamivudine/Zidovudine 150/300mg, tablets, 60 Tabs",Generic,60,17240,131886,7.65,0.13,Hetero Unit III Hyderabad IN,1496,2480.22,184.9
29116,South Africa,PMO - US,Direct Drop,DDP,Truck,9-Mar-15,9-Mar-15,ARV,Adult,PHARMACY DIRECT,SKU0003,"Lamivudine 150mg, tablets, 60 Tabs",Generic,60,146,964.58,6.61,0.11,"Aurobindo Unit III, India",Weight Captured Separately,Freight Included in Commodity Cost,0.99
29125,Rwanda,PMO - US,Direct Drop,CIP,Air,23-Dec-10,23-Dec-10,ARV,Adult,CIPLA LIMITED,SKU0135,"Lopinavir/Ritonavir 200/50mg, tablets, 120 Tabs",Generic,120,7634,261846.2,34.3,0.29,Cipla Ltd A-42 MIDC Mahar. IN,2386,1398,564.54
29133,Uganda,PMO - US,Direct Drop,EXW,Air,14-Sep-13,14-Sep-13,ARV,Adult,HETERO LABS LIMITED,SKU0003,"Lamivudine 150mg, tablets, 60 Tabs",Generic,60,45359,83914.15,1.85,0.03,Hetero Unit III Hyderabad IN,2773,8723.46,103.8
29157,South Africa,PMO - US,Direct Drop,DDP,Ocean,5-Apr-11,5-Apr-11,ARV,Adult,CIPLA LIMITED,SKU0007,"Nevirapine 200mg, tablets, 60 Tabs",Generic,60,69125,192858.75,2.79,0.05,"Cipla, Goa, India",7346,19261.02,415.8
29207,South Africa,PMO - US,Direct Drop,DDP,Truck,27-Aug-14,27-Aug-14,ARV,Adult,S. BUYS WHOLESALER,SKU0003,"Lamivudine 150mg, tablets, 60 Tabs",Generic,60,265,2609.69,9.85,0.16,Hetero Unit III Hyderabad IN,Weight Captured Separately,Freight Included in Commodity Cost,3.23
29219,South Africa,PMO - US,Direct Drop,DDP,Truck,8-Oct-09,8-Oct-09,ARV,Pediatric,S. BUYS WHOLESALER,SKU0076,"Stavudine 1mg/ml, powder for oral solution, 200 ml",Generic,200,300,753.67,2.51,0.01,"Aurobindo Unit III, India",Weight Captured Separately,Freight Included in Commodity Cost,1.48
29259,Zambia,PMO - US,Direct Drop,EXW,Air,5-Aug-13,5-Aug-13,HRDT,HIV test,"Orgenics, Ltd",SKU0002,"HIV 1/2, Determine Complete HIV Kit, 100 Tests",Determine,100,2906,232480,80,0.8,"Alere Medical Co., Ltd.",1204,19587.34,287.58
29274,Kenya,PMO - US,Direct Drop,EXW,Air,23-Oct-09,23-Oct-09,HRDT,HIV test,"Standard Diagnostics, Inc.",SKU0086,"HIV 1/2, Bioline 3.0 Kit, (no accessories), 30 Tests",Bioline,30,12000,288000,24,0.8,"Standard Diagnostics, Korea",3733,29039.18,564.48
29281,Kenya,PMO - US,Direct Drop,EXW,Air,4-Nov-11,4-Nov-11,HRDT,HIV test,"Orgenics, Ltd",SKU0002,"HIV 1/2, Determine Complete HIV Kit, 100 Tests",Determine,100,8657,770473,89,0.89,"Alere Medical Co., Ltd.",4203,44128.81,1271.28
29282,Tanzania,PMO - US,Direct Drop,EXW,Air,1-Nov-12,1-Nov-12,ARV,Adult,HETERO LABS LIMITED,SKU0011,"Lamivudine/Zidovudine 150/300mg, tablets, 60 Tabs",Generic,60,18456,130668.48,7.08,0.12,Hetero Unit III Hyderabad IN,See ASN-16470 (ID#:14279),See ASN-16470 (ID#:14279),183.2
29298,Vietnam,PMO - US,Direct Drop,EXW,Air,1-Apr-10,1-Apr-10,ARV,Adult,MYLAN LABORATORIES LTD (FORMERLY MATRIX LABORATORIES),SKU0058,"Abacavir 300mg, tablets, 60 Tabs",Generic,60,800,14000,17.5,0.29,Mylan (formerly Matrix) Nashik,3002,6808.99,30.18
29317,Vietnam,PMO - US,Direct Drop,EXW,Air,20-Mar-14,20-Mar-14,ARV,Adult,Aurobindo Pharma Limited,SKU0007,"Nevirapine 200mg, tablets, 60 Tabs",Generic,60,6000,13500,2.25,0.04,"Aurobindo Unit III, India",594,1113.01,16.7
29347,Swaziland,PMO - US,Direct Drop,EXW,Air,8-Aug-11,8-Aug-11,HRDT,HIV test - Ancillary,"Orgenics, Ltd",SKU0022,"HIV, Lancet, Safety, for HIV Test kits, 100 Pcs",Generic,100,156,780,5,0.05,INVERNESS ANY,56,1670.06,1.29
29359,South Africa,PMO - US,Direct Drop,DDP,Truck,8-Oct-09,8-Oct-09,ARV,Adult,S. BUYS WHOLESALER,SKU0026,"Efavirenz 600mg, tablets, 30 Tabs",Generic,30,10000,173493.01,17.35,0.58,"Aurobindo Unit III, India",Weight Captured Separately,Freight Included in Commodity Cost,340.05
29391,South Africa,PMO - US,Direct Drop,DDP,Truck,28-Apr-15,28-Apr-15,ARV,Adult,PHARMACY DIRECT,SKU0007,"Nevirapine 200mg, tablets, 60 Tabs",Generic,60,10,177.47,17.75,0.3,"Aurobindo Unit III, India",Weight Captured Separately,Freight Included in Commodity Cost,0.18
29427,Vietnam,PMO - US,Direct Drop,EXW,Air,28-Feb-11,28-Feb-11,ARV,Adult,MYLAN LABORATORIES LTD (FORMERLY MATRIX LABORATORIES),SKU0029,"Tenofovir Disoproxil Fumarate 300mg, tablets, 30 Tabs",Generic,30,3696,24948,6.75,0.22,Mylan (formerly Matrix) Nashik,314,4885.33,53.79
29479,Vietnam,PMO - US,Direct Drop,EXW,Air,5-Feb-15,5-Feb-15,ARV,Adult,MYLAN LABORATORIES LTD (FORMERLY MATRIX LABORATORIES),SKU0058,"Abacavir 300mg, tablets, 60 Tabs",Generic,60,900,9981,11.09,0.18,Mylan (formerly Matrix) Nashik,100,2504.65,10.26
29538,Haiti,PMO - US,Direct Drop,EXW,Air,27-Mar-15,26-Mar-15,ARV,Adult,MYLAN LABORATORIES LTD (FORMERLY MATRIX LABORATORIES),SKU0054,"Lamivudine/Nevirapine/Zidovudine 150/200/300mg, tablets, 60 Tabs",Generic,60,26608,215524.8,8.1,0.13,Mylan (formerly Matrix) Nashik,3699,21146.04,221.56
29596,Rwanda,PMO - US,Direct Drop,EXW,Ocean,10-Dec-12,10-Dec-12,ARV,Adult,MICRO LABS LIMITED,SKU0007,"Nevirapine 200mg, tablets, 60 Tabs",Generic,60,171925,388550.5,2.26,0.04,"Micro labs, Verna, Goa, India",15683,36173.15,544.75
29608,Haiti,PMO - US,Direct Drop,CIP,Air,24-Feb-10,24-Feb-10,ARV,Pediatric,BRISTOL-MYERS SQUIBB,SKU0046,"Didanosine 50mg [Videx], chewable tablets, 60 Tabs",Videx,60,40,380,9.5,0.16,"BMS Meymac, France",Weight Captured Separately,Freight Included in Commodity Cost,0.82
29616,Vietnam,PMO - US,Direct Drop,EXW,Air,3-Sep-15,3-Sep-15,ARV,Adult,HETERO LABS LIMITED,SKU0113,"Efavirenz/Lamivudine/Tenofovir Disoproxil Fumarate 600/300/300mg, tablets, 30 Tabs",Generic,30,17952,170544,9.5,0.32,Hetero Unit III Hyderabad IN,Weight Captured Separately,Invoiced Separately,200.73
29677,Vietnam,PMO - US,Direct Drop,FCA,Air,29-Nov-12,29-Nov-12,ARV,Pediatric,ABBVIE LOGISTICS (FORMERLY ABBOTT LOGISTICS BV),SKU0042,"Lopinavir/Ritonavir 80/20mg/ml [Kaletra], oral solution, cool, Bottle 5 x 60 ml",Kaletra,300,300,18246,60.82,0.2,ABBVIE (Abbott) Logis. UK,275,1015.98,25.58
29706,"Congo, DRC",PMO - US,Direct Drop,EXW,Air,2-Jul-15,2-Jul-15,HRDT,HIV test,"Trinity Biotech, Plc",SKU0009,"HIV 1/2, Uni-Gold HIV Kit, 20 Tests",Uni-Gold,20,423,13536,32,1.6,"Trinity Biotech, Plc",See ASN-31750 (ID#:19272),See ASN-31750 (ID#:19272),15.93
29725,Haiti,PMO - US,Direct Drop,EXW,Ocean,9-May-15,9-May-15,ARV,Adult,Aurobindo Pharma Limited,SKU0113,"Efavirenz/Lamivudine/Tenofovir Disoproxil Fumarate 600/300/300mg, tablets, 30 Tabs",Generic,30,26010,273105,10.5,0.35,"Aurobindo Unit VII, IN",3619,10101.17,280.75
29727,Haiti,PMO - US,Direct Drop,DDU,Truck,28-Jun-10,28-Jun-10,HRDT,HIV test,REINBOLD EXPORT IMPORT,SKU0122,"HIV 1/2, Determine Kit without Lancets, Buffer or Caplillary Tubes, 100 Tests",Determine,100,1000,125000,125,1.25,INVERNESS ANY,Weight Captured Separately,Freight Included in Commodity Cost,269.5
29734,Haiti,PMO - US,Direct Drop,EXW,Ocean,20-Dec-12,20-Dec-12,ARV,Pediatric,Aurobindo Pharma Limited,SKU0065,"Zidovudine 100mg, capsules, 100 Caps",Generic,100,1200,5520,4.6,0.05,"Aurobindo Unit III, India",6433,7727.85,7.74
29752,Vietnam,PMO - US,Direct Drop,EXW,Air,26-Nov-12,26-Nov-12,ARV,Adult,MYLAN LABORATORIES LTD (FORMERLY MATRIX LABORATORIES),SKU0113,"Efavirenz/Lamivudine/Tenofovir Disoproxil Fumarate 600/300/300mg, tablets, 30 Tabs",Generic,30,40000,520000,13,0.43,Mylan (formerly Matrix) Nashik,4233,6878.63,729.04
29833,Haiti,PMO - US,Direct Drop,EXW,Air,14-Oct-14,14-Oct-14,ARV,Pediatric,CIPLA LIMITED,SKU0140,"Lamivudine/Nevirapine/Zidovudine 30/50/60mg, dispersible tablets, 60 Tabs",Generic,60,1926,6933.6,3.6,0.06,"Cipla, Goa, India",192,2971.3,7.13
29848,South Africa,South Africa Field Office,Direct Drop,DDP,Truck,16-Apr-13,16-Apr-13,ARV,Adult,S. BUYS WHOLESALER,SKU0030,"Stavudine 20mg [Zerit], capsules, 60 Caps",Zerit,60,4,20.72,5.18,0.09,Bristol-Myers Squibb Anagni IT,Weight Captured Separately,Freight Included in Commodity Cost,0.03
29880,Vietnam,PMO - US,Direct Drop,EXW,Air,13-Jul-15,13-Jul-15,ARV,Adult,HETERO LABS LIMITED,SKU0003,"Lamivudine 150mg, tablets, 60 Tabs",Generic,60,15400,27720,1.8,0.03,Hetero Unit III Hyderabad IN,2486,3775.5,32.63
29913,"Congo, DRC",PMO - US,Direct Drop,EXW,Air,29-Jul-13,29-Jul-13,HRDT,HIV test,"Trinity Biotech, Plc",SKU0009,"HIV 1/2, Uni-Gold HIV Kit, 20 Tests",Uni-Gold,20,362,11584,32,1.6,"Trinity Biotech, Plc",134,1941.34,14.33
29925,Uganda,PMO - US,Direct Drop,EXW,Air,11-Jul-13,11-Jul-13,HRDT,HIV test,"Orgenics, Ltd",SKU0002,"HIV 1/2, Determine Complete HIV Kit, 100 Tests",Determine,100,2788,223040,80,0.8,"Alere Medical Co., Ltd.",1215,16337.03,275.9
29932,South Africa,PMO - US,Direct Drop,DDP,Ocean,31-Jan-11,31-Jan-11,ARV,Adult,Aurobindo Pharma Limited,SKU0003,"Lamivudine 150mg, tablets, 60 Tabs",Generic,60,238627,565545.99,2.37,0.04,"Aurobindo Unit III, India",12045,17266.59,1219.32
29938,Ghana,PMO - US,Direct Drop,EXW,Air,17-Jul-14,24-Jul-14,ARV,Adult,STRIDES ARCOLAB LIMITED,SKU0026,"Efavirenz 600mg, tablets, 30 Tabs",Generic,30,60000,191400,3.19,0.11,"Strides, Bangalore, India.",3862,31401.36,196.76
29951,Uganda,PMO - US,Direct Drop,EXW,Air,15-Jul-13,15-Jul-13,HRDT,HIV test - Ancillary,"Orgenics, Ltd",SKU0084,"Capillary Tubes, for Determine, EDTA, 50uL,100 Pcs",Determine,100,1727,13816,8,0.08,"Alere Medical Co., Ltd.",130,534.86,17.09
29957,South Africa,PMO - US,Direct Drop,DDP,Truck,19-Oct-09,19-Oct-09,ARV,Pediatric,S. BUYS WHOLESALER,SKU0020,"Zidovudine 10mg/ml [Retrovir], oral solution, Bottle, 200 ml",Retrovir,200,500,3894.27,7.79,0.04,GSK Mississauga (Canada),Weight Captured Separately,Freight Included in Commodity Cost,7.63
29963,Haiti,PMO - US,Direct Drop,EXW,Air,10-Jun-13,10-Jun-13,ARV,Pediatric,Aurobindo Pharma Limited,SKU0145,"Abacavir 20mg/ml, oral solution w/syringe, Bottle, 240 ml",Generic,240,255,1741.65,6.83,0.03,"Aurobindo Unit III, India",See ASN-19520 (ID#:18405),See ASN-19520 (ID#:18405),2.15
29968,Rwanda,PMO - US,Direct Drop,EXW,Air,20-Oct-10,20-Oct-10,HRDT,HIV test,"Standard Diagnostics, Inc.",SKU0086,"HIV 1/2, Bioline 3.0 Kit, (no accessories), 30 Tests",Bioline,30,1700,40800,24,0.8,"Standard Diagnostics, Korea",604,8823.41,87.96
29979,Vietnam,PMO - US,Direct Drop,EXW,Air,21-Dec-10,21-Dec-10,ARV,Adult,MYLAN LABORATORIES LTD (FORMERLY MATRIX LABORATORIES),SKU0058,"Abacavir 300mg, tablets, 60 Tabs",Generic,60,270,4050,15,0.25,Mylan (formerly Matrix) Nashik,358,5294.24,8.73
29983,South Africa,PMO - US,Direct Drop,DDP,Truck,19-Feb-15,19-Feb-15,ARV,Adult,PHARMACY DIRECT,SKU0105,"Emtricitabine/Tenofovir Disoproxil Fumarate 200/300mg, tablets, 30 Tabs",Generic,30,3,90.63,30.21,1.01,"Aurobindo Unit III, India",Weight Captured Separately,Freight Included in Commodity Cost,0.09
30022,Uganda,PMO - US,Direct Drop,EXW,Air,28-Mar-13,28-Mar-13,ARV,Adult,Aurobindo Pharma Limited,SKU0069,"Didanosine 250mg, delayed-release capsules, 30 Caps",Generic,30,677,8801,13,0.43,"Aurobindo Unit III, India",46,1458.88,10.89
30030,Vietnam,PMO - US,Direct Drop,EXW,Air,8-Dec-10,8-Dec-10,ARV,Adult,Aurobindo Pharma Limited,SKU0014,"Zidovudine 300mg, tablets, 60 Tabs",Generic,60,168,1218,7.25,0.12,"Aurobindo Unit III, India",See ASN-8909 (ID#:19905),See ASN-8909 (ID#:19905),2.63
30065,Nigeria,PMO - US,Direct Drop,EXW,Air,17-Dec-10,17-Dec-10,HRDT,HIV test,"Trinity Biotech, Plc",SKU0009,"HIV 1/2, Uni-Gold HIV Kit, 20 Tests",Uni-Gold,20,3750,120000,32,1.6,"Trinity Biotech, Plc",1072,16036.98,198
30075,Cameroon,PMO - US,Direct Drop,EXW,Air,28-Aug-13,28-Aug-13,ARV,Adult,CIPLA LIMITED,SKU0054,"Lamivudine/Nevirapine/Zidovudine 150/200/300mg, tablets, 60 Tabs",Generic,60,42452,343861.2,8.1,0.13,"Cipla, Goa, India",5753,49502.92,425.36
30084,South Africa,PMO - US,Direct Drop,DDP,Truck,6-Feb-14,6-Feb-14,ARV,Adult,S. BUYS WHOLESALER,SKU0069,"Didanosine 250mg, delayed-release capsules, 30 Caps",Generic,30,7,105.7,15.1,0.5,"Aurobindo Unit III, India",Weight Captured Separately,Freight Included in Commodity Cost,0.13
30103,South Africa,PMO - US,Direct Drop,DDP,Truck,12-Feb-15,12-Feb-15,ARV,Adult,PHARMACY DIRECT,SKU0026,"Efavirenz 600mg, tablets, 30 Tabs",Generic,30,154,1735.52,11.27,0.38,"Aurobindo Unit III, India",Weight Captured Separately,Freight Included in Commodity Cost,1.78
30112,Zimbabwe,PMO - US,Direct Drop,FCA,Air,15-Sep-11,15-Sep-11,ARV,Pediatric,ABBVIE LOGISTICS (FORMERLY ABBOTT LOGISTICS BV),SKU0042,"Lopinavir/Ritonavir 80/20mg/ml [Kaletra], oral solution, cool, Bottle 5 x 60 ml",Kaletra,300,2502,90472.32,36.16,0.12,ABBVIE (Abbott) Logis. UK,2364,16956.86,195.06
30119,Uganda,PMO - US,Direct Drop,FCA,Air,12-Mar-13,12-Mar-13,ARV,Adult,ABBVIE LOGISTICS (FORMERLY ABBOTT LOGISTICS BV),SKU0110,"Ritonavir 100mg [Norvir], film coated tablets, 60 Tabs",Norvir,60,295,2020.75,6.85,0.11,ABBVIE Ludwigshafen Germany,36,876.99,2.5
30130,Tanzania,PMO - US,Direct Drop,FCA,Air,2-Oct-14,2-Oct-14,ARV,Pediatric,ABBVIE LOGISTICS (FORMERLY ABBOTT LOGISTICS BV),SKU0045,"Lopinavir/Ritonavir 100/25mg [Aluvia], tablets, 60 Tabs",Generic,60,546,3243.24,5.94,0.1,ABBVIE Ludwigshafen Germany,See ASN-27718 (ID#:24358),See ASN-27718 (ID#:24358),3.33
30159,Uganda,PMO - US,Direct Drop,EXW,Air,11-Jul-13,11-Jul-13,HRDT,HIV test,"Orgenics, Ltd",SKU0002,"HIV 1/2, Determine Complete HIV Kit, 100 Tests",Determine,100,2845,227600,80,0.8,"Alere Medical Co., Ltd.",1239,16337.03,281.54
30164,Côte d'Ivoire,PMO - US,Direct Drop,CIP,Air,25-Nov-09,25-Nov-09,ARV,Pediatric,BRISTOL-MYERS SQUIBB,SKU0046,"Didanosine 50mg [Videx], chewable tablets, 60 Tabs",Videx,60,300,2850,9.5,0.16,"BMS Meymac, France",Weight Captured Separately,Freight Included in Commodity Cost,5.59
30186,Vietnam,PMO - US,Direct Drop,EXW,Air,3-Nov-10,3-Nov-10,ARV,Adult,MYLAN LABORATORIES LTD (FORMERLY MATRIX LABORATORIES),SKU0058,"Abacavir 300mg, tablets, 60 Tabs",Generic,60,200,3148,15.74,0.26,Mylan (formerly Matrix) Nashik,22,3587.81,6.79
30211,Rwanda,PMO - US,Direct Drop,EXW,Air,22-Aug-12,22-Aug-12,ARV,Adult,Aurobindo Pharma Limited,SKU0134,"Didanosine 400mg, delayed-release capsules, 30 Caps",Generic,30,1008,20160,20,0.67,"Aurobindo Unit III, India",213,3024.36,28.26
30213,Rwanda,PMO - US,Direct Drop,EXW,Air,8-Apr-11,8-Apr-11,ARV,Pediatric,Aurobindo Pharma Limited,SKU0005,"Zidovudine 10mg/ml, oral solution, Bottle, 240 ml",Generic,240,1992,4183.2,2.1,0.01,"Aurobindo Unit III, India",777,6400.44,9.02
30220,Haiti,PMO - US,Direct Drop,EXW,Air,6-Feb-15,6-Feb-15,ARV,Adult,HETERO LABS LIMITED,SKU0003,"Lamivudine 150mg, tablets, 60 Tabs",Generic,60,1440,2592,1.8,0.03,Hetero Unit III Hyderabad IN,99,1497.53,2.66
30223,Rwanda,PMO - US,Direct Drop,EXW,Air,9-Sep-12,9-Sep-12,ARV,Adult,Aurobindo Pharma Limited,SKU0007,"Nevirapine 200mg, tablets, 60 Tabs",Generic,60,26441,59492.25,2.25,0.04,"Aurobindo Unit III, India",2520,25593.87,83.41
30226,Mozambique,PMO - US,Direct Drop,EXW,Air,4-Sep-12,4-Sep-12,HRDT,HIV test,"Orgenics, Ltd",SKU0002,"HIV 1/2, Determine Complete HIV Kit, 100 Tests",Determine,100,5500,440000,80,0.8,"Alere Medical Co., Ltd.",14938,43304.68,616.88
30237,Uganda,PMO - US,Direct Drop,EXW,Air,15-Jul-13,15-Jul-13,HRDT,HIV test - Ancillary,"Orgenics, Ltd",SKU0022,"HIV, Lancet, Safety, for HIV Test kits, 100 Pcs",Generic,100,864,4320,5,0.05,"Alere Medical Co., Ltd.",See ASN-20242 (ID#:29951),See ASN-20242 (ID#:29951),5.34
30248,South Africa,PMO - US,Direct Drop,DDP,Truck,5-Aug-14,5-Aug-14,ARV,Adult,PHARMACY DIRECT,SKU0007,"Nevirapine 200mg, tablets, 60 Tabs",Generic,60,12,212.96,17.75,0.3,"Aurobindo Unit III, India",Weight Captured Separately,Freight Included in Commodity Cost,0.22
30256,Vietnam,PMO - US,Direct Drop,EXW,Air,3-Aug-10,3-Aug-10,ARV,Adult,STRIDES ARCOLAB LIMITED,SKU0007,"Nevirapine 200mg, tablets, 60 Tabs",Generic,60,4065,10569,2.6,0.04,"Strides, Bangalore, India.",497,6269.65,22.79
30257,Mali,PMO - US,Direct Drop,EXW,Air,19-Oct-12,19-Oct-12,HRDT,HIV test,"Orgenics, Ltd",SKU0002,"HIV 1/2, Determine Complete HIV Kit, 100 Tests",Determine,100,184,14720,80,0.8,"Alere Medical Co., Ltd.",84,3252.26,20.64
30274,Haiti,PMO - US,Direct Drop,EXW,Air,17-Jul-13,17-Jul-13,HRDT,HIV test,"Orgenics, Ltd",SKU0002,"HIV 1/2, Determine Complete HIV Kit, 100 Tests",Determine,100,4000,400000,100,1,"Alere Medical Co., Ltd.",1740,24069.99,494.8
30320,South Sudan,PMO - US,Direct Drop,EXW,Air,20-Sep-12,20-Sep-12,HRDT,HIV test,"Orgenics, Ltd",SKU0002,"HIV 1/2, Determine Complete HIV Kit, 100 Tests",Determine,100,695,61855,89,0.89,"Alere Medical Co., Ltd.",351,6445.68,86.72
30349,Zambia,PMO - US,Direct Drop,EXW,Air,20-Nov-13,20-Nov-13,HRDT,HIV test,"Trinity Biotech, Plc",SKU0009,"HIV 1/2, Uni-Gold HIV Kit, 20 Tests",Uni-Gold,20,4500,144000,32,1.6,"Trinity Biotech, Plc",1353,17507.94,178.13
30363,South Sudan,PMO - US,Direct Drop,EXW,Air,3-Jun-15,3-Jun-15,HRDT,HIV test,"Orgenics, Ltd",SKU0002,"HIV 1/2, Determine Complete HIV Kit, 100 Tests",Determine,100,90,8010,89,0.89,"Alere Medical Co., Ltd.",Weight Captured Separately,Invoiced Separately,9.43
30388,Haiti,PMO - US,Direct Drop,FCA,Air,3-May-13,3-May-13,ARV,Adult,ABBVIE LOGISTICS (FORMERLY ABBOTT LOGISTICS BV),SKU0110,"Ritonavir 100mg [Norvir], film coated tablets, 60 Tabs",Norvir,60,240,1644,6.85,0.11,ABBVIE Ludwigshafen Germany,30,877.61,2.03
30412,Kenya,PMO - US,Direct Drop,EXW,Air,13-Mar-12,13-Mar-12,HRDT,HIV test,Premier Medical Corporation Ltd.,SKU0013,"HIV 1/2/O, First Response HIV 1-2.0, v.3.0 Cards Kit, 30 Tests",First Response,30,50,1170,23.4,0.78,Premier Med. Corp Ltd. India,18,2644.79,1.64
30462,South Africa,PMO - US,Direct Drop,DDP,Truck,28-Oct-09,28-Oct-09,ARV,Pediatric,S. BUYS WHOLESALER,SKU0076,"Stavudine 1mg/ml, powder for oral solution, 200 ml",Generic,200,500,1368.58,2.74,0.01,"Aurobindo Unit III, India",Weight Captured Separately,Freight Included in Commodity Cost,2.68
30475,Botswana,PMO - US,Direct Drop,EXW,Air,6-Sep-10,6-Sep-10,HRDT,HIV test,"Orgenics, Ltd",SKU0002,"HIV 1/2, Determine Complete HIV Kit, 100 Tests",Determine,100,10,800,80,0.8,Inverness Japan,5,760.22,1.72
30494,Zambia,PMO - US,Direct Drop,EXW,Air,11-Mar-15,26-Mar-15,HRDT,HIV test,"Orgenics, Ltd",SKU0002,"HIV 1/2, Determine Complete HIV Kit, 100 Tests",Determine,100,6314,505120,80,0.8,"Alere Medical Co., Ltd.",2561,35696.95,519.26
30508,Rwanda,PMO - US,Direct Drop,EXW,Air,28-Jun-11,28-Jun-11,HRDT,HIV test,"Trinity Biotech, Plc",SKU0009,"HIV 1/2, Uni-Gold HIV Kit, 20 Tests",Uni-Gold,20,240,7680,32,1.6,"Trinity Biotech, Plc",83,1215.46,12.67
30514,South Africa,South Africa Field Office,Direct Drop,DDP,Truck,16-Apr-13,16-Apr-13,ARV,Adult,S. BUYS WHOLESALER,SKU0058,"Abacavir 300mg, tablets, 60 Tabs",Generic,60,45,1175.15,26.11,0.44,"Cipla, Patalganga, India",Weight Captured Separately,Freight Included in Commodity Cost,1.45
30519,Nigeria,PMO - US,Direct Drop,EXW,Air,1-Feb-13,1-Feb-13,HRDT,HIV test,"Trinity Biotech, Plc",SKU0009,"HIV 1/2, Uni-Gold HIV Kit, 20 Tests",Uni-Gold,20,24510,784320,32,1.6,"Trinity Biotech, Plc",8273,94267.77,1099.62
30561,Nigeria,PMO - US,Direct Drop,EXW,Air,23-Dec-13,16-Dec-13,HRDT,HIV test,"Orgenics, Ltd",SKU0002,"HIV 1/2, Determine Complete HIV Kit, 100 Tests",Determine,100,9347,831883,89,0.89,"Alere Medical Co., Ltd.",3090,60185.33,1029.04
30573,Cameroon,PMO - US,Direct Drop,EXW,Air,25-Dec-12,25-Dec-12,ARV,Adult,HETERO LABS LIMITED,SKU0107,"Lamivudine/Tenofovir Disoproxil Fumarate 300/300mg, tablets, 30 Tabs",Generic,30,38208,179959.68,4.71,0.16,Hetero Unit III Hyderabad IN,4289,30395.15,252.3
30589,South Africa,PMO - US,Direct Drop,DDP,Truck,24-Jul-15,24-Jul-15,ARV,Pediatric,PHARMACY DIRECT,SKU0066,"Efavirenz 200mg, capsule, 90 Caps",Generic,90,10,182.5,18.25,0.2,"Aurobindo Unit III, India",Weight Captured Separately,Freight Included in Commodity Cost,0.19
30601,Zambia,PMO - US,Direct Drop,EXW,Air,3-May-10,23-Apr-10,HRDT,HIV test,"Orgenics, Ltd",SKU0002,"HIV 1/2, Determine Complete HIV Kit, 100 Tests",Determine,100,2700,194400,72,0.72,Inverness Japan,1304,19502.09,419.13
30615,Zambia,PMO - US,Direct Drop,EXW,Air,20-Dec-11,20-Dec-11,HRDT,HIV test,"Orgenics, Ltd",SKU0002,"HIV 1/2, Determine Complete HIV Kit, 100 Tests",Determine,100,2604,208320,80,0.8,"Alere Medical Co., Ltd.",1239,22650.58,343.73
30618,Vietnam,PMO - US,Direct Drop,EXW,Air,15-May-12,15-May-12,ARV,Adult,MYLAN LABORATORIES LTD (FORMERLY MATRIX LABORATORIES),SKU0058,"Abacavir 300mg, tablets, 60 Tabs",Generic,60,632,8216,13,0.22,Mylan (formerly Matrix) Nashik,4669,8334.77,11.52
30629,Nigeria,PMO - US,Direct Drop,EXW,Air,6-Nov-12,8-Nov-12,HRDT,HIV test,"Orgenics, Ltd",SKU0002,"HIV 1/2, Determine Complete HIV Kit, 100 Tests",Determine,100,614,54646,89,0.89,"Alere Medical Co., Ltd.",295,7444.13,76.61
30633,South Africa,PMO - US,Direct Drop,DDP,Air,7-Sep-10,15-Oct-10,ARV,Adult,Aurobindo Pharma Limited,SKU0026,"Efavirenz 600mg, tablets, 30 Tabs",Generic,30,40135,187430.45,4.67,0.16,"Aurobindo Unit III, India",3764,4263.07,404.1
30649,South Africa,PMO - US,Direct Drop,DDP,Truck,29-Dec-09,29-Dec-09,ARV,Adult,S. BUYS WHOLESALER,SKU0026,"Efavirenz 600mg, tablets, 30 Tabs",Generic,30,2700,52283.01,19.36,0.65,"Cipla, Goa, India",Weight Captured Separately,Freight Included in Commodity Cost,112.72
30717,South Africa,PMO - US,Direct Drop,DDP,Truck,24-Jul-15,24-Jul-15,ARV,Adult,PHARMACY DIRECT,SKU0105,"Emtricitabine/Tenofovir Disoproxil Fumarate 200/300mg, tablets, 30 Tabs",Generic,30,12,261.97,21.83,0.73,"Aurobindo Unit III, India",Weight Captured Separately,Freight Included in Commodity Cost,0.27
30720,Rwanda,PMO - US,Direct Drop,EXW,Air,13-Dec-11,13-Dec-11,HRDT,HIV test,"Trinity Biotech, Plc",SKU0009,"HIV 1/2, Uni-Gold HIV Kit, 20 Tests",Uni-Gold,20,873,27936,32,1.6,"Trinity Biotech, Plc",296,6318.92,46.09
30724,South Africa,PMO - US,Direct Drop,DDP,Truck,29-Aug-14,29-Aug-14,ARV,Adult,S. BUYS WHOLESALER,SKU0003,"Lamivudine 150mg, tablets, 60 Tabs",Generic,60,564,5502.98,9.76,0.16,Hetero Unit III Hyderabad IN,Weight Captured Separately,Freight Included in Commodity Cost,6.81
30728,South Africa,PMO - US,Direct Drop,DDP,Truck,28-Dec-09,28-Dec-09,ARV,Pediatric,S. BUYS WHOLESALER,SKU0066,"Efavirenz 200mg, capsule, 90 Caps",Generic,90,40,1303.06,32.58,0.36,"Aurobindo Unit III, India",Weight Captured Separately,Freight Included in Commodity Cost,2.81
30784,Dominican Republic,PMO - US,Direct Drop,EXW,Air,8-Mar-11,8-Mar-11,ARV,Adult,Aurobindo Pharma Limited,SKU0135,"Lopinavir/Ritonavir 200/50mg, tablets, 120 Tabs",Generic,120,9242,323470,35,0.29,"Aurobindo Unit III, India",2373,16173.9,533.73
30788,Zimbabwe,PMO - US,Direct Drop,FCA,Air,24-Oct-13,24-Oct-13,ARV,Pediatric,LAWRENCE LABORATORIES (SUBSIDIARY OF BRISTOL MYERS SQUIBB),SKU0028,"Didanosine 25mg [Videx], chewable tablets, 60 Tabs",Videx,60,747,5229,7,0.12,Bristol-Myers Squibb Anagni IT,169,2387.62,6.47
30819,Tanzania,PMO - US,Direct Drop,EXW,Air,1-Jun-11,1-Jun-11,HRDT,HIV test,"Orgenics, Ltd",SKU0002,"HIV 1/2, Determine Complete HIV Kit, 100 Tests",Determine,100,1250,100000,80,0.8,Inverness Japan,600,14398.69,165
30842,Zimbabwe,PMO - US,Direct Drop,EXW,Air,3-Feb-15,3-Feb-15,ARV,Pediatric,MYLAN LABORATORIES LTD (FORMERLY MATRIX LABORATORIES),SKU0140,"Lamivudine/Nevirapine/Zidovudine 30/50/60mg, dispersible tablets, 60 Tabs",Generic,60,813,2845.5,3.5,0.06,Mylan (formerly Matrix) Nashik,60,1344.94,3.35
30850,Sudan,PMO - US,Direct Drop,EXW,Air,3-Feb-12,3-Feb-12,HRDT,HIV test,"Orgenics, Ltd",SKU0002,"HIV 1/2, Determine Complete HIV Kit, 100 Tests",Determine,100,105,9345,89,0.89,"Alere Medical Co., Ltd.",49,1768.15,15.42
30904,Vietnam,PMO - US,Direct Drop,EXW,Air,23-Mar-15,26-Mar-15,ARV,Adult,MYLAN LABORATORIES LTD (FORMERLY MATRIX LABORATORIES),SKU0113,"Efavirenz/Lamivudine/Tenofovir Disoproxil Fumarate 600/300/300mg, tablets, 30 Tabs",Generic,30,22232,225654.8,10.15,0.34,Mylan (formerly Matrix) Nashik,2510,4363.06,231.97
30915,Rwanda,PMO - US,Direct Drop,EXW,Air,28-Aug-15,28-Aug-15,ARV,Adult,EMCURE PHARMACEUTICALS LTD,SKU0119,"Atazanavir/Ritonavir 300/100mg, tablets, 30 Tabs",Generic,30,16585,298530,18,0.6,"Emcure Plot No.P-2, I.T-B.T. Park, Phase II, MIDC, Hinjwadi, Pune, India",Weight Captured Separately,Invoiced Separately,306.89
30942,South Africa,PMO - US,Direct Drop,DDP,Air,13-Dec-10,13-Dec-10,ARV,Pediatric,Aurobindo Pharma Limited,SKU0126,"Nevirapine 10mg/ml, oral suspension w/syringe, Bottle, 240 ml",Generic,240,9630,30334.5,3.15,0.01,"Aurobindo Unit III, India",3732,4876.34,65.4
30974,Vietnam,PMO - US,Direct Drop,FCA,Air,16-Sep-13,16-Sep-13,ARV,Adult,ABBVIE LOGISTICS (FORMERLY ABBOTT LOGISTICS BV),SKU0118,"Ritonavir 100mg [Norvir], film coated tablets, 30 Tabs",Norvir,30,429,9978.54,23.26,0.78,ABBVIE Ludwigshafen Germany,43,421.24,12.34
30977,Uganda,PMO - US,Direct Drop,EXW,Air,26-Jun-14,26-Jun-14,HRDT,HIV test,BIO-RAD LABORATORIES (FRANCE),SKU0156,"HIV 1/2, Genie III Kit, 50 Tests",Genie,50,30,2982,99.4,1.99,Bio-Rad Laboratories,19,846.03,3.07
40274,Uganda,PMO - US,Direct Drop,EXW,Air,4-Feb-13,4-Feb-13,HRDT,HIV test,"Trinity Biotech, Plc",SKU0009,"HIV 1/2, Uni-Gold HIV Kit, 20 Tests",Uni-Gold,20,875,28000,32,1.6,"Trinity Biotech, Plc",292,4462.61,34.64
30982,Rwanda,PMO - US,Direct Drop,EXW,Air,13-Feb-12,13-Feb-12,HRDT,HIV test,"Orgenics, Ltd",SKU0017,"HIV 1/2, Determine HIV Kit, without Lancets, 100 Tests",Determine,100,6000,466200,77.7,0.78,Inverness Japan,1362,62458.88,769.23
30998,Botswana,PMO - US,Direct Drop,EXW,Air,4-Jun-10,4-Jun-10,HRDT,HIV test,"Trinity Biotech, Plc",SKU0009,"HIV 1/2, Uni-Gold HIV Kit, 20 Tests",Uni-Gold,20,25,800,32,1.6,"Trinity Biotech, Plc",10,559.89,1.72
31041,South Africa,PMO - US,Direct Drop,DDP,Truck,3-Sep-09,3-Sep-09,ARV,Adult,S. BUYS WHOLESALER,SKU0021,"Tenofovir Disoproxil Fumarate 300mg [Viread], tablets, 30 Tabs",Viread,30,3700,98942.55,26.74,0.89,"Aspen-OSD, Port Elizabeth, SA",Weight Captured Separately,Freight Included in Commodity Cost,193.93
31116,Vietnam,PMO - US,Direct Drop,EXW,Air,27-Jul-11,27-Jul-11,ARV,Adult,MYLAN LABORATORIES LTD (FORMERLY MATRIX LABORATORIES),SKU0054,"Lamivudine/Nevirapine/Zidovudine 150/200/300mg, tablets, 60 Tabs",Generic,60,18406,202466,11,0.18,Mylan (formerly Matrix) Nashik,2571,13880.57,334.07
31146,Vietnam,PMO - US,Direct Drop,EXW,Air,20-Dec-11,20-Dec-11,ARV,Adult,STRIDES ARCOLAB LIMITED,SKU0054,"Lamivudine/Nevirapine/Zidovudine 150/200/300mg, tablets, 60 Tabs",Generic,60,9030,95718,10.6,0.18,"Strides, Bangalore, India.",1054,5726.24,157.93
31156,"Congo, DRC",PMO - US,Direct Drop,EXW,Air,4-Apr-14,4-Apr-14,HRDT,HIV test,"Trinity Biotech, Plc",SKU0009,"HIV 1/2, Uni-Gold HIV Kit, 20 Tests",Uni-Gold,20,2,64,32,1.6,"Trinity Biotech, Plc",See ASN-24721 (ID#:13708),See ASN-24721 (ID#:13708),0.07
31177,Ethiopia,PMO - US,Direct Drop,EXW,Air,5-Sep-12,5-Sep-12,HRDT,HIV test,"CHEMBIO DIAGNOSTIC SYSTEMS, INC.",SKU0016,"HIV 1/2, Stat-Pak HIV, Kit, 20 Tests",Stat-Pak,20,44,1276,29,1.45,Chembio Diagnostics Sys. Inc.,15,218.75,1.79
31203,Vietnam,PMO - US,Direct Drop,EXW,Air,15-May-12,15-May-12,ARV,Pediatric,MYLAN LABORATORIES LTD (FORMERLY MATRIX LABORATORIES),SKU0140,"Lamivudine/Nevirapine/Zidovudine 30/50/60mg, dispersible tablets, 60 Tabs",Generic,60,13877,57589.55,4.15,0.07,Mylan (formerly Matrix) Nashik,See ASN-14757 (ID#:30618),See ASN-14757 (ID#:30618),80.74
31254,Rwanda,PMO - US,Direct Drop,FCA,Air,22-Aug-14,22-Aug-14,ARV,Adult,ABBVIE LOGISTICS (FORMERLY ABBOTT LOGISTICS BV),SKU0110,"Ritonavir 100mg [Norvir], film coated tablets, 60 Tabs",Norvir,60,3500,23975,6.85,0.11,ABBVIE Ludwigshafen Germany,442,6776.8,24.65
31304,South Sudan,PMO - US,Direct Drop,EXW,Air,13-Sep-13,13-Sep-13,HRDT,HIV test - Ancillary,"Orgenics, Ltd",SKU0136,"Chase Buffer, Determine, 100 Tests, 2.5ml x 1 Vial",Determine,1,45,225,5,5,"Alere Medical Co., Ltd.",See ASN-20649 (ID#:28306),See ASN-20649 (ID#:28306),0.28
31306,South Africa,PMO - US,Direct Drop,DDP,Truck,25-Jun-14,25-Jun-14,ARV,Pediatric,PHARMACY DIRECT,SKU0049,"Efavirenz 50mg, capsule, 30 Caps",Generic,30,9,27.05,3.01,0.1,"Aurobindo Unit III, India",Weight Captured Separately,Freight Included in Commodity Cost,0.03
31324,Haiti,PMO - US,Direct Drop,EXW,Ocean,10-Aug-15,10-Aug-15,ARV,Adult,HETERO LABS LIMITED,SKU0113,"Efavirenz/Lamivudine/Tenofovir Disoproxil Fumarate 600/300/300mg, tablets, 30 Tabs",Generic,30,109350,1038825,9.5,0.32,Hetero Unit III Hyderabad IN,Weight Captured Separately,Invoiced Separately,1222.7
31332,"Congo, DRC",PMO - US,Direct Drop,EXW,Air,5-Feb-15,5-Feb-15,ANTM,Malaria,IMRES B.V.,SKU0088,"Sulfadoxine/Pyrimethamine 500/25mg, tablets, 1000 Tabs",Generic,1000,1370,37401,27.3,0.03,"Guilin OSD site, No 17, China",1125,9693.68,38.45
31363,South Africa,PMO - US,Direct Drop,DDP,Truck,6-Feb-14,6-Feb-14,ARV,Pediatric,S. BUYS WHOLESALER,SKU0048,"Lamivudine 10mg/ml, oral solution, Bottle, 240 ml",Generic,240,4,27.35,6.84,0.03,"Cipla, Goa, India",Weight Captured Separately,Freight Included in Commodity Cost,0.03
31368,Namibia,PMO - US,Direct Drop,EXW,Air,25-Nov-14,25-Nov-14,ARV,Adult,MYLAN LABORATORIES LTD (FORMERLY MATRIX LABORATORIES),SKU0132,"Efavirenz/Emtricitabine/Tenofovir Disoproxil Fumarate 600/200/300mg, tablets, 30 Tabs",Generic,30,13000,136500,10.5,0.35,"Mylan,  H-12 & H-13, India",3575,17969.34,140.32
31430,Vietnam,PMO - US,Direct Drop,FCA,Air,4-Apr-14,4-Apr-14,ARV,Adult,ABBVIE LOGISTICS (FORMERLY ABBOTT LOGISTICS BV),SKU0118,"Ritonavir 100mg [Norvir], film coated tablets, 30 Tabs",Norvir,30,100,2326,23.26,0.78,ABBVIE Ludwigshafen Germany,Weight Captured Separately,Invoiced Separately,2.88
31462,Rwanda,PMO - US,Direct Drop,CIP,Air,10-Jan-11,10-Jan-11,ARV,Adult,Aurobindo Pharma Limited,SKU0069,"Didanosine 250mg, delayed-release capsules, 30 Caps",Generic,30,610,8082.5,13.25,0.44,"Aurobindo Unit III, India",Weight Captured Separately,Freight Included in Commodity Cost,17.43
31861,Vietnam,PMO - US,Direct Drop,EXW,Air,23-Nov-11,23-Nov-11,ARV,Adult,MYLAN LABORATORIES LTD (FORMERLY MATRIX LABORATORIES),SKU0058,"Abacavir 300mg, tablets, 60 Tabs",Generic,60,292,4231.08,14.49,0.24,Mylan (formerly Matrix) Nashik,30,4525.05,6.98
31473,South Africa,PMO - US,Direct Drop,DDP,Truck,27-Aug-14,27-Aug-14,ARV,Pediatric,S. BUYS WHOLESALER,SKU0145,"Abacavir 20mg/ml, oral solution w/syringe, Bottle, 240 ml",Generic,240,35,959.72,27.42,0.11,"Aurobindo Unit III, India",Weight Captured Separately,Freight Included in Commodity Cost,1.19
31486,South Sudan,PMO - US,Direct Drop,EXW,Air,7-Jun-13,7-Jun-13,HRDT,HIV test,"Trinity Biotech, Plc",SKU0009,"HIV 1/2, Uni-Gold HIV Kit, 20 Tests",Uni-Gold,20,450,14400,32,1.6,"Trinity Biotech, Plc",146,2478.87,17.81
31551,South Africa,PMO - US,Direct Drop,DDP,Ocean,6-Dec-11,6-Dec-11,ARV,Adult,CIPLA LIMITED,SKU0007,"Nevirapine 200mg, tablets, 60 Tabs",Generic,60,6000,16320,2.72,0.05,"Cipla, Goa, India",638,654.72,26.93
31561,South Africa,PMO - US,Direct Drop,DDP,Truck,29-Aug-14,29-Aug-14,ARV,Adult,S. BUYS WHOLESALER,SKU0014,"Zidovudine 300mg, tablets, 60 Tabs",Generic,60,19,515.11,27.11,0.45,Mylan (formerly Matrix) Nashik,Weight Captured Separately,Freight Included in Commodity Cost,0.64
31569,South Africa,PMO - US,Direct Drop,DDP,Ocean,14-Jul-11,18-Nov-11,ARV,Adult,CIPLA LIMITED,SKU0029,"Tenofovir Disoproxil Fumarate 300mg, tablets, 30 Tabs",Generic,30,7610,49236.7,6.47,0.22,"Cipla, Goa, India",Weight Captured Separately,Freight Included in Commodity Cost,81.24
31574,Cameroon,PMO - US,Direct Drop,EXW,Air,9-Nov-13,9-Nov-13,ARV,Adult,CIPLA LIMITED,SKU0107,"Lamivudine/Tenofovir Disoproxil Fumarate 300/300mg, tablets, 30 Tabs",Generic,30,39892,183503.2,4.6,0.15,"Cipla, Kurkumbh, India",4082,51243.69,226.99
31648,Rwanda,PMO - US,Direct Drop,CIP,Air,29-May-10,29-May-10,ARV,Adult,EMCURE PHARMACEUTICALS LTD,SKU0026,"Efavirenz 600mg, tablets, 30 Tabs",Generic,30,59609,357057.91,5.99,0.2,"Emcure Plot No.P-2, I.T-B.T. Park, Phase II, MIDC, Hinjwadi, Pune, India",4227,33008.05,699.83
31662,South Africa,PMO - US,Direct Drop,DDP,Truck,26-Jan-15,26-Jan-15,ARV,Pediatric,PHARMACY DIRECT,SKU0066,"Efavirenz 200mg, capsule, 90 Caps",Generic,90,21,357.92,17.04,0.19,"Aurobindo Unit III, India",Weight Captured Separately,Freight Included in Commodity Cost,0.37
31670,South Africa,PMO - US,Direct Drop,DDP,Ocean,1-Feb-11,10-Mar-11,ARV,Pediatric,Aurobindo Pharma Limited,SKU0066,"Efavirenz 200mg, capsule, 90 Caps",Generic,90,19214,191755.72,9.98,0.11,"Aurobindo Unit III, India",See ASN-9477 (ID#:26879),See ASN-9477 (ID#:26879),413.43
31694,Rwanda,PMO - US,Direct Drop,CIP,Air,27-Sep-10,27-Sep-10,ARV,Adult,MYLAN LABORATORIES LTD (FORMERLY MATRIX LABORATORIES),SKU0054,"Lamivudine/Nevirapine/Zidovudine 150/200/300mg, tablets, 60 Tabs",Generic,60,61290,698706,11.4,0.19,Mylan (formerly Matrix) Nashik,7965,65851.29,1506.41
31709,Côte d'Ivoire,PMO - US,Direct Drop,FCA,Air,1-Aug-13,1-Aug-13,ARV,Adult,ABBVIE LOGISTICS (FORMERLY ABBOTT LOGISTICS BV),SKU0110,"Ritonavir 100mg [Norvir], film coated tablets, 60 Tabs",Norvir,60,760,5206,6.85,0.11,ABBVIE Ludwigshafen Germany,97,1575.13,6.44
31712,Vietnam,PMO - US,Direct Drop,EXW,Air,30-Jan-13,30-Jan-13,ARV,Pediatric,MICRO LABS LIMITED,SKU0049,"Efavirenz 50mg, capsule, 30 Caps",Generic,30,1760,3555.2,2.02,0.07,"Micro labs, Verna, Goa, India",126,798.95,4.98
31740,South Africa,PMO - US,Direct Drop,DDP,Ocean,4-Mar-11,4-Mar-11,ARV,Pediatric,Aurobindo Pharma Limited,SKU0130,"Lamivudine 10mg/ml, oral solution w/syringe, Bottle, 240 ml",Generic,240,6736,13606.72,2.02,0.01,"Aurobindo Unit III, India",See ASN-9486 (ID#:24187),See ASN-9486 (ID#:24187),29.34
31750,Uganda,PMO - US,Direct Drop,CIP,Air,12-Sep-14,12-Sep-14,ARV,Adult,ASPEN PHARMACARE,SKU0139,"Darunavir 300mg [Prezista], tablets, 120 Tabs",Prezista,120,807,53746.2,66.6,0.55,"Aspen-OSD, Port Elizabeth, SA",119,321.94,55.25
31761,South Africa,PMO - US,Direct Drop,DDP,Truck,27-Aug-14,27-Aug-14,ARV,Adult,S. BUYS WHOLESALER,SKU0069,"Didanosine 250mg, delayed-release capsules, 30 Caps",Generic,30,6,102.14,17.02,0.57,"Aurobindo Unit III, India",Weight Captured Separately,Freight Included in Commodity Cost,0.13
31805,Haiti,PMO - US,Direct Drop,EXW,Ocean,25-May-15,25-May-15,ARV,Adult,CIPLA LIMITED,SKU0026,"Efavirenz 600mg, tablets, 30 Tabs",Generic,30,43309,140321.16,3.24,0.11,"Cipla, Goa, India",5000,6914.44,144.25
31829,Guatemala,PMO - US,Direct Drop,EXW,Air,17-Apr-11,17-Apr-11,ARV,Pediatric,GLAXOSMITHKLINE EXPORT LIMITED,SKU0068,"Zidovudine 10mg/ml [Retrovir], solution for IV infusion injection, Vial 5 x 20 ml",Retrovir,5,75,5265,70.2,14.04,GSK Barnard Castle UK,29,209.37,8.69
31847,South Africa,PMO - US,Direct Drop,DDP,Truck,27-May-15,27-May-15,ARV,Pediatric,PHARMACY DIRECT,SKU0060,"Ritonavir 80mg/ml [Norvir], oral solution, cool, Bottle, 90 ml",Norvir,90,1,4.97,4.97,0.06,ABBVIE (Abbott) France,Weight Captured Separately,Freight Included in Commodity Cost,0.01
31859,South Africa,PMO - US,Direct Drop,DDP,Truck,27-Aug-14,27-Aug-14,ARV,Pediatric,S. BUYS WHOLESALER,SKU0066,"Efavirenz 200mg, capsule, 90 Caps",Generic,90,24,632.85,26.37,0.29,"Aurobindo Unit III, India",Weight Captured Separately,Freight Included in Commodity Cost,0.78
31892,Ethiopia,PMO - US,Direct Drop,EXW,Air,22-Jan-10,22-Jan-10,ARV,Adult,STRIDES ARCOLAB LIMITED,SKU0104,"Lamivudine/Stavudine 150/30mg, tablets, 60 Tabs",Generic,60,39939,134594.43,3.37,0.06,"Strides, Bangalore, India.",2038,11789.31,290.19
31909,Vietnam,PMO - US,Direct Drop,EXW,Air,22-Apr-14,22-Apr-14,ARV,Adult,HETERO LABS LIMITED,SKU0113,"Efavirenz/Lamivudine/Tenofovir Disoproxil Fumarate 600/300/300mg, tablets, 30 Tabs",Generic,30,21252,223146,10.5,0.35,Hetero Unit III Hyderabad IN,2982,8036.88,276.03
31912,Uganda,PMO - US,Direct Drop,EXW,Air,14-Jun-14,14-Jun-14,HRDT,HIV test,"CHEMBIO DIAGNOSTIC SYSTEMS, INC.",SKU0111,"HIV 1/2, Stat-Pak Dipstick Assay Kit, 30 Tests",Stat-Pak,30,5424,149702.4,27.6,0.92,Chembio Diagnostics Sys. Inc.,606,3790.99,153.89
31917,Zimbabwe,PMO - US,Direct Drop,CIP,Air,4-Sep-14,4-Sep-14,ARV,Pediatric,MYLAN LABORATORIES LTD (FORMERLY MATRIX LABORATORIES),SKU0140,"Lamivudine/Nevirapine/Zidovudine 30/50/60mg, dispersible tablets, 60 Tabs",Generic,60,164950,593820,3.6,0.06,Mylan (formerly Matrix) Nashik,9210,7510,610.45
31936,Côte d'Ivoire,PMO - US,Direct Drop,FCA,Air,30-Jun-11,30-Jun-11,ARV,Adult,ABBVIE LOGISTICS (FORMERLY ABBOTT LOGISTICS BV),SKU0008,"Lopinavir/Ritonavir 200/50mg [Aluvia], tablets, 120 Tabs",Aluvia,120,4809,162063.3,33.7,0.28,ABBVIE Ludwigshafen Germany,1196,17068.84,267.4
31941,Vietnam,PMO - US,Direct Drop,EXW,Air,24-Sep-13,24-Sep-13,ARV,Adult,HETERO LABS LIMITED,SKU0026,"Efavirenz 600mg, tablets, 30 Tabs",Generic,30,27186,88082.64,3.24,0.11,"Hetero, Jadcherla, unit 5, IN",2321,3353.3,108.96
31963,South Africa,South Africa Field Office,Direct Drop,DDP,Truck,16-Apr-13,16-Apr-13,ARV,Adult,S. BUYS WHOLESALER,SKU0069,"Didanosine 250mg, delayed-release capsules, 30 Caps",Generic,30,2,30.85,15.42,0.51,"Aurobindo Unit III, India",Weight Captured Separately,Freight Included in Commodity Cost,0.04
32026,Nigeria,PMO - US,Direct Drop,FCA,Air,14-Jun-11,14-Jun-11,ARV,Adult,ABBVIE LOGISTICS (FORMERLY ABBOTT LOGISTICS BV),SKU0110,"Ritonavir 100mg [Norvir], film coated tablets, 60 Tabs",Norvir,60,448,3068.8,6.85,0.11,ABBVIE Ludwigshafen Germany,68,1123.14,5.06
32029,Zimbabwe,PMO - US,Direct Drop,EXW,Air Charter,17-Sep-14,17-Sep-14,ARV,Adult,HETERO LABS LIMITED,SKU0107,"Lamivudine/Tenofovir Disoproxil Fumarate 300/300mg, tablets, 30 Tabs",Generic,30,42192,194927.04,4.62,0.15,Hetero Unit III Hyderabad IN,4584,25682.65,200.38
32059,"Congo, DRC",PMO - US,Direct Drop,EXW,Air,5-Sep-14,5-Sep-14,HRDT,HIV test,"Trinity Biotech, Plc",SKU0009,"HIV 1/2, Uni-Gold HIV Kit, 20 Tests",Uni-Gold,20,30,960,32,1.6,"Trinity Biotech, Plc",See ASN-26738 (ID#:15115),See ASN-26738 (ID#:15115),0.99
32064,Côte d'Ivoire,PMO - US,Direct Drop,CIP,Air,1-Jul-11,1-Jul-11,ARV,Adult,MERCK SHARP & DOHME IDEA GMBH (FORMALLY MERCK SHARP & DOHME B.V.),SKU0038,"Efavirenz/Emtricitabine/Tenofovir Disoproxil Fumarate 600/200/300mg [Atripla], tablets, 30 Tabs",Atripla,30,6100,307440,50.4,1.68,"MSD, Haarlem, NL",928,2093.32,662.84
32077,"Congo, DRC",PMO - US,Direct Drop,EXW,Air,26-Aug-14,26-Aug-14,ARV,Pediatric,Aurobindo Pharma Limited,SKU0005,"Zidovudine 10mg/ml, oral solution, Bottle, 240 ml",Generic,240,367,734,2,0.01,"Aurobindo Unit III, India",161,2038.97,0.75
32094,Vietnam,PMO - US,Direct Drop,EXW,Air,1-Apr-10,1-Apr-10,ARV,Adult,MYLAN LABORATORIES LTD (FORMERLY MATRIX LABORATORIES),SKU0026,"Efavirenz 600mg, tablets, 30 Tabs",Generic,30,23520,105604.8,4.49,0.15,Mylan (formerly Matrix) Nashik,See ASN-6341 (ID#:29298),See ASN-6341 (ID#:29298),227.68
32111,Ethiopia,PMO - US,Direct Drop,EXW,Air,27-Mar-12,27-Mar-12,HRDT,HIV test,"CHEMBIO DIAGNOSTIC SYSTEMS, INC.",SKU0016,"HIV 1/2, Stat-Pak HIV, Kit, 20 Tests",Stat-Pak,20,121,3509,29,1.45,Chembio Diagnostics Sys. Inc.,42,354.59,4.92
32135,Rwanda,PMO - US,Direct Drop,EXW,Air,18-Feb-15,18-Feb-15,HRDT,HIV test,"SHANGHAI KEHUA BIOENGINEERING CO.,LTD.  (KHB)",SKU0063,"HIV 1/2, SKB Colloidal Gold, Diagnostic Kit, Antibody, 50 Tests",Colloidal Gold,1,4050,99225,24.5,24.5,"KHB Test Kit Facility, Shanghai China",2700,35593.04,102
32150,Vietnam,PMO - US,Direct Drop,FCA,Air,14-Sep-15,14-Sep-15,ARV,Adult,ABBVIE LOGISTICS (FORMERLY ABBOTT LOGISTICS BV),SKU0008,"Lopinavir/Ritonavir 200/50mg [Aluvia], tablets, 120 Tabs",Aluvia,120,300,18240,60.8,0.51,ABBVIE Ludwigshafen Germany,Weight Captured Separately,Invoiced Separately,21.47
32189,Vietnam,PMO - US,Direct Drop,EXW,Air,10-Jul-15,7-Jul-15,ARV,Adult,HETERO LABS LIMITED,SKU0113,"Efavirenz/Lamivudine/Tenofovir Disoproxil Fumarate 600/300/300mg, tablets, 30 Tabs",Generic,30,17760,177600,10,0.33,Hetero Unit III Hyderabad IN,2523,4784.19,209.04
32193,Ethiopia,PMO - US,Direct Drop,EXW,Air,14-Jan-14,14-Jan-14,HRDT,HIV test,"Trinity Biotech, Plc",SKU0009,"HIV 1/2, Uni-Gold HIV Kit, 20 Tests",Uni-Gold,20,11,352,32,1.6,"Trinity Biotech, Plc",4,526.44,0.36
32279,South Africa,PMO - US,Direct Drop,DDP,Truck,12-Aug-09,12-Aug-09,ARV,Adult,S. BUYS WHOLESALER,SKU0032,"Didanosine EC 400mg [Videx EC], delayed-release capsules, Blister 3 x 10 Caps",Videx EC,30,110,3051.72,27.74,0.92,"BMS Meymac, France",Weight Captured Separately,Freight Included in Commodity Cost,5.98
32306,Vietnam,PMO - US,Direct Drop,EXW,Air,31-Mar-15,31-Mar-15,ARV,Adult,HETERO LABS LIMITED,SKU0026,"Efavirenz 600mg, tablets, 30 Tabs",Generic,30,2800,9800,3.5,0.12,Hetero Unit III Hyderabad IN,953,1593.67,10.07
32313,Rwanda,PMO - US,Direct Drop,CIP,Air,25-Apr-11,25-Apr-11,ARV,Adult,Aurobindo Pharma Limited,SKU0134,"Didanosine 400mg, delayed-release capsules, 30 Caps",Generic,30,595,12048.75,20.25,0.68,"Aurobindo Unit III, India",87,255,25.98
32316,Sudan,PMO - US,Direct Drop,EXW,Air,6-Jan-12,6-Jan-12,HRDT,HIV test - Ancillary,"Orgenics, Ltd",SKU0084,"Capillary Tubes, for Determine, EDTA, 50uL,100 Pcs",Determine,100,2,16,8,0.08,"Alere Medical Co., Ltd.",2,885.49,0.03
32344,Dominican Republic,PMO - US,Direct Drop,EXW,Truck,22-Oct-10,22-Oct-10,ARV,Adult,"ABBVIE, SRL (FORMALLY ABBOTT LABORATORIES INTERNATIONAL CO.)",SKU0153,"Ritonavir 100mg [Norvir], capsules, cool, 2 x 84 Caps",Norvir,168,346,49824,144,0.86,ABBVIE (Abbott) St. P'burg USA,268,666.66,107.42
32358,South Africa,PMO - US,Direct Drop,DDP,Air,20-Sep-10,20-Sep-10,ARV,Adult,Aurobindo Pharma Limited,SKU0014,"Zidovudine 300mg, tablets, 60 Tabs",Generic,60,29402,218456.86,7.43,0.12,"Aurobindo Unit III, India",1577,1697.9,470.99
32359,Sudan,PMO - US,Direct Drop,EXW,Air,29-Apr-11,29-Apr-11,HRDT,HIV test,"Standard Diagnostics, Inc.",SKU0019,"HIV 1/2, Bioline 3.0 Kit, Lancets, Capillary pipets, Alcohol swabs included, 25 Tests",Bioline,25,17,340,20,0.8,"Standard Diagnostics, Korea",244,2701.16,0.56
32362,Haiti,PMO - US,Direct Drop,CIP,Air,16-Apr-11,16-Apr-11,ARV,Pediatric,MERCK SHARP & DOHME IDEA GMBH (FORMALLY MERCK SHARP & DOHME B.V.),SKU0102,"Efavirenz 30mg/ml [Stocrin/Sustiva], oral solution, Bottle, 180 ml",Stocrin/Sustiva,180,525,8904,16.96,0.09,"MSD, Haarlem, NL",159,290,19.2
32372,Uganda,PMO - US,Direct Drop,FCA,Air,9-Apr-13,9-Apr-13,ARV,Pediatric,ABBVIE LOGISTICS (FORMERLY ABBOTT LOGISTICS BV),SKU0045,"Lopinavir/Ritonavir 100/25mg [Aluvia], tablets, 60 Tabs",Generic,60,6390,37956.6,5.94,0.1,ABBVIE Ludwigshafen Germany,733,6255.87,46.95
32398,South Africa,PMO - US,Direct Drop,DDP,Truck,7-Feb-14,7-Feb-14,ARV,Adult,S. BUYS WHOLESALER,SKU0029,"Tenofovir Disoproxil Fumarate 300mg, tablets, 30 Tabs",Generic,30,306,6369.4,20.82,0.69,Hetero Unit III Hyderabad IN,Weight Captured Separately,Freight Included in Commodity Cost,7.88
32402,Ghana,PMO - US,Direct Drop,EXW,Air,24-Dec-14,24-Dec-14,ARV,Pediatric,Aurobindo Pharma Limited,SKU0048,"Lamivudine 10mg/ml, oral solution, Bottle, 240 ml",Generic,240,1905,2724.15,1.43,0.01,"Aurobindo Unit III, India",786,4304.34,2.8
32405,South Africa,PMO - US,Direct Drop,DDP,Ocean,14-Jul-11,14-Jul-11,ARV,Adult,CIPLA LIMITED,SKU0029,"Tenofovir Disoproxil Fumarate 300mg, tablets, 30 Tabs",Generic,30,113000,731110,6.47,0.22,"Cipla, Goa, India",7569,11986.59,1206.33
32422,Vietnam,PMO - US,Direct Drop,EXW,Air,21-Apr-14,21-Apr-14,ARV,Adult,HETERO LABS LIMITED,SKU0113,"Efavirenz/Lamivudine/Tenofovir Disoproxil Fumarate 600/300/300mg, tablets, 30 Tabs",Generic,30,24556,257838,10.5,0.35,Hetero Unit III Hyderabad IN,3443,6323.76,318.95
32435,Malawi,PMO - US,Direct Drop,EXW,Ocean,24-Jul-13,24-Jul-13,ARV,Adult,MYLAN LABORATORIES LTD (FORMERLY MATRIX LABORATORIES),SKU0113,"Efavirenz/Lamivudine/Tenofovir Disoproxil Fumarate 600/300/300mg, tablets, 30 Tabs",Generic,30,190000,2183100,11.49,0.38,Mylan (formerly Matrix) Nashik,21463,36695.74,2700.49
32438,Mozambique,PMO - US,Direct Drop,EXW,Air,2-May-14,2-May-14,HRDT,HIV test,"Orgenics, Ltd",SKU0122,"HIV 1/2, Determine Kit without Lancets, Buffer or Caplillary Tubes, 100 Tests",Determine,100,229,16522.35,72.15,0.72,"Alere Medical Co., Ltd.",43,Freight Included in Commodity Cost,16.98
32471,Tanzania,PMO - US,Direct Drop,CIP,Air,27-Nov-09,27-Nov-09,ARV,Adult,BRISTOL-MYERS SQUIBB,SKU0032,"Didanosine EC 400mg [Videx EC], delayed-release capsules, Blister 3 x 10 Caps",Videx EC,30,15619,369701.73,23.67,0.79,"BMS Meymac, France",See ASN-5364 (ID#:16097),See ASN-5364 (ID#:16097),724.62
32496,Vietnam,PMO - US,Direct Drop,EXW,Air,23-Dec-13,23-Dec-13,ARV,Adult,MYLAN LABORATORIES LTD (FORMERLY MATRIX LABORATORIES),SKU0011,"Lamivudine/Zidovudine 150/300mg, tablets, 60 Tabs",Generic,60,4848,31463.52,6.49,0.11,Mylan (formerly Matrix) Nashik,415,1009.6,38.92
32499,South Africa,PMO - US,Direct Drop,DDP,Ocean,2-Sep-11,2-Sep-11,ARV,Pediatric,Aurobindo Pharma Limited,SKU0049,"Efavirenz 50mg, capsule, 30 Caps",Generic,30,50000,122000,2.44,0.08,"Aurobindo Unit III, India",2953,6409.91,201.3
32505,Uganda,PMO - US,Direct Drop,FCA,Air,30-Apr-13,30-Apr-13,ARV,Pediatric,ABBVIE LOGISTICS (FORMERLY ABBOTT LOGISTICS BV),SKU0045,"Lopinavir/Ritonavir 100/25mg [Aluvia], tablets, 60 Tabs",Generic,60,2880,17107.2,5.94,0.1,ABBVIE Ludwigshafen Germany,335,3446.07,21.16
32508,South Africa,PMO - US,Direct Drop,DDP,Truck,12-Feb-15,12-Feb-15,ARV,Pediatric,PHARMACY DIRECT,SKU0049,"Efavirenz 50mg, capsule, 30 Caps",Generic,30,9,19.55,2.17,0.07,"Aurobindo Unit III, India",Weight Captured Separately,Freight Included in Commodity Cost,0.02
32521,Dominican Republic,PMO - US,Direct Drop,EXW,Air,4-Apr-11,4-Apr-11,ARV,Adult,Aurobindo Pharma Limited,SKU0135,"Lopinavir/Ritonavir 200/50mg, tablets, 120 Tabs",Generic,120,2508,87780,35,0.29,"Aurobindo Unit III, India",645,5002.73,144.84
32540,Guyana,PMO - US,Direct Drop,EXW,Air,12-Apr-11,12-Apr-11,HRDT,HIV test,"Orgenics, Ltd",SKU0002,"HIV 1/2, Determine Complete HIV Kit, 100 Tests",Determine,100,418,41800,100,1,Inverness Japan,205,6455.37,68.97
32543,South Africa,PMO - US,Direct Drop,DDP,Ocean,22-Dec-11,22-Dec-11,ARV,Adult,Aurobindo Pharma Limited,SKU0026,"Efavirenz 600mg, tablets, 30 Tabs",Generic,30,128887,549058.62,4.26,0.14,"Aurobindo Unit III, India",10956,16429.12,905.95
32548,"Congo, DRC",PMO - US,Direct Drop,EXW,Air,17-Dec-12,17-Dec-12,HRDT,HIV test,"Orgenics, Ltd",SKU0160,"HIV 1/2, DoubleCheck Gold Kit, 20 Tests",DoubleCheck,20,400,14608,36.52,1.83,"Alere Medical Co., Ltd.",96,1906.7,20.48
32559,Haiti,PMO - US,Direct Drop,DAP,Truck,15-Mar-13,15-Mar-13,HRDT,HIV test,REINBOLD EXPORT IMPORT,SKU0002,"HIV 1/2, Determine Complete HIV Kit, 100 Tests",Determine,100,25,3125,125,1.25,"Alere Medical Co., Ltd.",Weight Captured Separately,Freight Included in Commodity Cost,3.87
32594,Cameroon,PMO - US,Direct Drop,EXW,Air,10-Sep-12,10-Sep-12,HRDT,HIV test,"Orgenics, Ltd",SKU0122,"HIV 1/2, Determine Kit without Lancets, Buffer or Caplillary Tubes, 100 Tests",Determine,100,120,8658,72.15,0.72,"Alere Medical Co., Ltd.",22,1243.98,12.14
32729,Vietnam,PMO - US,Direct Drop,FCA,Air,6-Jan-14,6-Jan-14,ARV,Adult,ABBVIE LOGISTICS (FORMERLY ABBOTT LOGISTICS BV),SKU0118,"Ritonavir 100mg [Norvir], film coated tablets, 30 Tabs",Norvir,30,81,1884.06,23.26,0.78,ABBVIE Ludwigshafen Germany,6,3549.7,2.33
32738,Rwanda,PMO - US,Direct Drop,EXW,Ocean,23-Aug-12,23-Aug-12,ARV,Adult,MYLAN LABORATORIES LTD (FORMERLY MATRIX LABORATORIES),SKU0113,"Efavirenz/Lamivudine/Tenofovir Disoproxil Fumarate 600/300/300mg, tablets, 30 Tabs",Generic,30,46613,605969,13,0.43,Mylan (formerly Matrix) Nashik,5245,11186.24,849.57
32742,Vietnam,PMO - US,Direct Drop,EXW,Air,22-Jun-11,22-Jun-11,ARV,Adult,MYLAN LABORATORIES LTD (FORMERLY MATRIX LABORATORIES),SKU0014,"Zidovudine 300mg, tablets, 60 Tabs",Generic,60,1416,10266,7.25,0.12,Mylan (formerly Matrix) Nashik,See ASN-11024 (ID#:15149),See ASN-11024 (ID#:15149),16.94
32743,Vietnam,PMO - US,Direct Drop,FCA,Air,22-Oct-14,22-Oct-14,ARV,Adult,ABBVIE LOGISTICS (FORMERLY ABBOTT LOGISTICS BV),SKU0008,"Lopinavir/Ritonavir 200/50mg [Aluvia], tablets, 120 Tabs",Aluvia,120,2000,121640,60.82,0.51,ABBVIE Ludwigshafen Germany,499,1467.82,125.05
32775,Haiti,PMO - US,Direct Drop,EXW,Air,10-Aug-12,10-Aug-12,HRDT,HIV test,"SHANGHAI KEHUA BIOENGINEERING CO.,LTD.  (KHB)",SKU0063,"HIV 1/2, SKB Colloidal Gold, Diagnostic Kit, Antibody, 50 Tests",Colloidal Gold,1,600,14700,24.5,24.5,"KHB Test Kit Facility, Shanghai China",434,4209.61,20.61
32837,South Africa,PMO - US,Direct Drop,DDP,Air,8-Dec-10,8-Dec-10,ARV,Adult,Aurobindo Pharma Limited,SKU0007,"Nevirapine 200mg, tablets, 60 Tabs",Generic,60,24000,70080,2.92,0.05,"Aurobindo Unit III, India",2830,5159.34,151.09
32865,"Congo, DRC",PMO - US,Direct Drop,EXW,Air,31-Dec-14,31-Dec-14,HRDT,HIV test,"Orgenics, Ltd",SKU0002,"HIV 1/2, Determine Complete HIV Kit, 100 Tests",Determine,100,5359,428720,80,0.8,"Alere Medical Co., Ltd.",2131,62196.13,440.72
32883,South Africa,PMO - US,Direct Drop,DDP,Truck,5-Nov-14,5-Nov-14,ARV,Adult,PHARMACY DIRECT,SKU0011,"Lamivudine/Zidovudine 150/300mg, tablets, 60 Tabs",Generic,60,19,592.65,31.19,0.52,"Aurobindo Unit III, India",Weight Captured Separately,Freight Included in Commodity Cost,0.61
32889,South Africa,South Africa Field Office,Direct Drop,DDP,Truck,16-Apr-13,16-Apr-13,ARV,Adult,S. BUYS WHOLESALER,SKU0105,"Emtricitabine/Tenofovir Disoproxil Fumarate 200/300mg, tablets, 30 Tabs",Generic,30,50,1528.18,30.56,1.02,"Aurobindo Unit III, India",Weight Captured Separately,Freight Included in Commodity Cost,1.89
32892,Mozambique,PMO - US,Direct Drop,EXW,Air,2-May-14,2-May-14,ARV,Adult,HETERO LABS LIMITED,SKU0054,"Lamivudine/Nevirapine/Zidovudine 150/200/300mg, tablets, 60 Tabs",Generic,60,33216,269381.76,8.11,0.14,Hetero Unit III Hyderabad IN,4516,16537.11,276.92
32893,"Congo, DRC",PMO - US,Direct Drop,EXW,Air,23-Jul-15,23-Jul-15,HRDT,HIV test,"Orgenics, Ltd",SKU0002,"HIV 1/2, Determine Complete HIV Kit, 100 Tests",Determine,100,17,1360,80,0.8,"Alere Medical Co., Ltd.",See ASN-32231 (ID#:13648),See ASN-32231 (ID#:13648),1.6
32903,South Africa,PMO - US,Direct Drop,DDP,Truck,29-Aug-14,29-Aug-14,ARV,Adult,S. BUYS WHOLESALER,SKU0029,"Tenofovir Disoproxil Fumarate 300mg, tablets, 30 Tabs",Generic,30,486,10116.11,20.82,0.69,Hetero Unit III Hyderabad IN,Weight Captured Separately,Freight Included in Commodity Cost,12.51
32938,South Africa,PMO - US,Direct Drop,DDP,Truck,24-Aug-15,24-Aug-15,ARV,Adult,PHARMACY DIRECT,SKU0027,"Saquinavir 200mg [Invirase], capsules, 270 Caps",Invirase,270,1,59.67,59.67,0.22,Roche Madrid,Weight Captured Separately,Freight Included in Commodity Cost,0.06
32953,Rwanda,PMO - US,Direct Drop,EXW,Air,31-Jan-14,31-Jan-14,ARV,Adult,MYLAN LABORATORIES LTD (FORMERLY MATRIX LABORATORIES),SKU0152,"Abacavir/Lamivudine 600/300mg, tablets, 30 Tabs",Generic,30,40705,549110.45,13.49,0.45,Mylan (formerly Matrix) Nashik,3948,24035.49,679.25
32959,Botswana,PMO - US,Direct Drop,EXW,Air,31-Aug-10,31-Aug-10,HRDT,HIV test - Ancillary,Orasure Technologies Inc.,SKU0096,"#109435**HIV, OraQuick Controls Kit, 3 Vials",OraQuick,3,10,250,25,8.33,"Orasure Technologies, Inc USA",6,418.94,0.49
32963,Côte d'Ivoire,PMO - US,Direct Drop,FCA,Air,17-Mar-14,17-Mar-14,ARV,Pediatric,ABBVIE LOGISTICS (FORMERLY ABBOTT LOGISTICS BV),SKU0045,"Lopinavir/Ritonavir 100/25mg [Aluvia], tablets, 60 Tabs",Generic,60,5900,35046,5.94,0.1,ABBVIE Ludwigshafen Germany,701,7008.1,43.35
32973,South Africa,PMO - US,Direct Drop,DDP,Truck,24-Jul-15,24-Jul-15,ARV,Adult,PHARMACY DIRECT,SKU0129,"Raltegravir 400mg [Isentress], tablets, 60 Tabs",Isentress,60,30,1972.56,65.75,1.1,"MSD, Haarlem, NL",Weight Captured Separately,Freight Included in Commodity Cost,2.03
32986,Haiti,PMO - US,Direct Drop,EXW,Air,10-Aug-15,10-Aug-15,ARV,Pediatric,HETERO LABS LIMITED,SKU0048,"Lamivudine 10mg/ml, oral solution, Bottle, 240 ml",Generic,240,2292,3506.76,1.53,0.01,Hetero Unit III Hyderabad IN,Weight Captured Separately,Invoiced Separately,4.13
33019,South Africa,PMO - US,Direct Drop,DDP,Truck,19-Nov-14,19-Nov-14,ARV,Adult,S. BUYS WHOLESALER,SKU0139,"Darunavir 300mg [Prezista], tablets, 120 Tabs",Prezista,120,76,5844.58,76.9,0.64,"Janssen-Cilag, Latina, IT",Weight Captured Separately,Freight Included in Commodity Cost,7.23
33050,Côte d'Ivoire,PMO - US,Direct Drop,FCA,Air,10-Mar-15,10-Mar-15,ARV,Pediatric,ABBVIE LOGISTICS (FORMERLY ABBOTT LOGISTICS BV),SKU0042,"Lopinavir/Ritonavir 80/20mg/ml [Kaletra], oral solution, cool, Bottle 5 x 60 ml",Kaletra,300,500,15410,30.82,0.1,ABBVIE (Abbott) Logis. UK,632,7514.75,15.84
33077,South Africa,PMO - US,Direct Drop,DDP,Air,23-Mar-11,23-Mar-11,ARV,Adult,Aurobindo Pharma Limited,SKU0058,"Abacavir 300mg, tablets, 60 Tabs",Generic,60,7600,121448,15.98,0.27,"Aurobindo Unit III, India",782,2534.68,261.84
33097,South Africa,South Africa Field Office,Direct Drop,DDP,Truck,16-Apr-13,16-Apr-13,ARV,Pediatric,S. BUYS WHOLESALER,SKU0035,"Nevirapine 10mg/ml [Viramune], oral suspension, Bottle, 240 ml",Viramune,240,212,2720.61,12.83,0.05,Boehringer Ingelheim Roxane US,Weight Captured Separately,Freight Included in Commodity Cost,3.37
33116,Rwanda,PMO - US,Direct Drop,EXW,Air,4-Aug-12,4-Aug-12,ARV,Adult,HETERO LABS LIMITED,SKU0107,"Lamivudine/Tenofovir Disoproxil Fumarate 300/300mg, tablets, 30 Tabs",Generic,30,61209,293191.11,4.79,0.16,Hetero Unit III Hyderabad IN,9117,98763.02,411.05
33144,Vietnam,PMO - US,Direct Drop,EXW,Air,20-May-10,20-May-10,ARV,Adult,MYLAN LABORATORIES LTD (FORMERLY MATRIX LABORATORIES),SKU0029,"Tenofovir Disoproxil Fumarate 300mg, tablets, 30 Tabs",Generic,30,4536,34020,7.5,0.25,Mylan (formerly Matrix) Nashik,266,3678.45,73.35
33168,Tanzania,PMO - US,Direct Drop,EXW,Air,18-Jun-13,18-Jun-13,ARV,Adult,MYLAN LABORATORIES LTD (FORMERLY MATRIX LABORATORIES),SKU0119,"Atazanavir/Ritonavir 300/100mg, tablets, 30 Tabs",Generic,30,4779,107527.5,22.5,0.75,Mylan (formerly Matrix) Nashik,643,4142.07,133.01
33179,Uganda,PMO - US,Direct Drop,EXW,Air,5-May-15,5-May-15,HRDT,HIV test,"Orgenics, Ltd",SKU0002,"HIV 1/2, Determine Complete HIV Kit, 100 Tests",Determine,100,6227,498160,80,0.8,"Alere Medical Co., Ltd.",2527,20534.4,586.33
33190,South Africa,PMO - US,Direct Drop,DDP,Truck,12-May-15,12-May-15,ARV,Adult,PHARMACY DIRECT,SKU0003,"Lamivudine 150mg, tablets, 60 Tabs",Generic,60,3,19.82,6.61,0.11,"Aurobindo Unit III, India",Weight Captured Separately,Freight Included in Commodity Cost,0.02
33218,Haiti,PMO - US,Direct Drop,EXW,Ocean,20-Oct-14,20-Oct-14,ARV,Pediatric,Aurobindo Pharma Limited,SKU0001,"Nevirapine 10mg/ml, oral suspension, Bottle, 240 ml",Generic,240,3300,4983,1.51,0.01,"Aurobindo Unit III, India",Weight Captured Separately,Invoiced Separately,5.12
33232,Uganda,PMO - US,Direct Drop,EXW,Air,26-Jun-14,26-Jun-14,ARV,Adult,MYLAN LABORATORIES LTD (FORMERLY MATRIX LABORATORIES),SKU0119,"Atazanavir/Ritonavir 300/100mg, tablets, 30 Tabs",Generic,30,1801,36020,20,0.67,Mylan (formerly Matrix) Nashik,225,1726.75,37.03
33263,Haiti,PMO - US,Direct Drop,FCA,Air,8-Nov-12,8-Nov-12,ARV,Pediatric,LAWRENCE LABORATORIES (SUBSIDIARY OF BRISTOL MYERS SQUIBB),SKU0015,"Didanosine 2g [Videx], powder for oral solution 10mg/ml, reconstitute to 200 ml",Videx,200,98,1233.82,12.59,0.06,Bristol-Myers Squibb Anagni IT,22,1662.72,1.73
33296,Uganda,PMO - US,Direct Drop,DDP,Air,29-Mar-11,29-Mar-11,ARV,Adult,ASPEN PHARMACARE,SKU0139,"Darunavir 300mg [Prezista], tablets, 120 Tabs",Prezista,120,95,8780.85,92.43,0.77,"Aspen-OSD, Port Elizabeth, SA",14,171,14.49
33305,South Africa,PMO - US,Direct Drop,DDP,Ocean,18-Nov-11,18-Nov-11,ARV,Adult,CIPLA LIMITED,SKU0029,"Tenofovir Disoproxil Fumarate 300mg, tablets, 30 Tabs",Generic,30,113000,731110,6.47,0.22,"Cipla, Goa, India",7663,9560.03,1206.33
33314,Nigeria,PMO - US,Direct Drop,EXW,Air,2-Sep-15,2-Sep-15,ARV,Pediatric,CIPLA LIMITED,SKU0157,"Abacavir/Lamivudine 60/30mg, dispersible tablets, 60 Tabs",Generic,60,13429,67145,5,0.08,"Cipla, Patalganga, India",Weight Captured Separately,Invoiced Separately,79.03
33359,Uganda,PMO - US,Direct Drop,CIP,Air,1-Nov-14,1-Nov-14,ARV,Adult,JANSSEN SCIENCES IRELAND UC (FORMERLY JANSSEN R&D IRELAND),SKU0115,"Etravirine 100mg [Intelence], tablets, 120 Tabs",Intelence,120,501,18036,36,0.3,"Janssen-Cilag, Latina, IT",151,297.25,18.54
33360,Haiti,PMO - US,Direct Drop,CIP,Air,2-Apr-13,2-Apr-13,ARV,Adult,ETHNOR DEL ISTMO S.A.,SKU0139,"Darunavir 300mg [Prezista], tablets, 120 Tabs",Prezista,120,120,7992,66.6,0.55,"Janssen Ortho LLC, Puerto Rico",26,240,9.89
33379,Haiti,PMO - US,Direct Drop,EXW,Ocean,17-Nov-14,17-Nov-14,ARV,Adult,MYLAN LABORATORIES LTD (FORMERLY MATRIX LABORATORIES),SKU0054,"Lamivudine/Nevirapine/Zidovudine 150/200/300mg, tablets, 60 Tabs",Generic,60,33624,272354.4,8.1,0.13,Mylan (formerly Matrix) Nashik,Weight Captured Separately,Invoiced Separately,279.98
33402,Mali,PMO - US,Direct Drop,EXW,Air,31-Mar-14,31-Mar-14,HRDT,HIV test,"Orgenics, Ltd",SKU0055,"HIV 1/2, Clearview Complete Kit, 25 Tests",Clearview,25,154,14630,95,3.8,Chembio Diagnostics Sys. Inc.,87,2445.68,15.04
33403,South Africa,PMO - US,Direct Drop,DDP,Truck,14-Sep-09,30-Sep-09,ARV,Adult,S. BUYS WHOLESALER,SKU0026,"Efavirenz 600mg, tablets, 30 Tabs",Generic,30,6387,121664.04,19.05,0.64,"Cipla, Goa, India",Weight Captured Separately,Freight Included in Commodity Cost,238.46
33422,Vietnam,PMO - US,Direct Drop,EXW,Air,15-May-13,15-May-13,ARV,Adult,STRIDES ARCOLAB LIMITED,SKU0054,"Lamivudine/Nevirapine/Zidovudine 150/200/300mg, tablets, 60 Tabs",Generic,60,14142,119075.64,8.42,0.14,"Strides, Bangalore, India.",1741,3821.49,147.3
33441,Vietnam,PMO - US,Direct Drop,EXW,Air,24-Dec-14,24-Dec-14,ARV,Adult,HETERO LABS LIMITED,SKU0029,"Tenofovir Disoproxil Fumarate 300mg, tablets, 30 Tabs",Generic,30,6000,21300,3.55,0.12,Hetero Unit III Hyderabad IN,2490,4545.64,21.9
33450,Zimbabwe,PMO - US,Direct Drop,EXW,Air,20-Mar-12,20-Mar-12,HRDT,HIV test,"Orgenics, Ltd",SKU0002,"HIV 1/2, Determine Complete HIV Kit, 100 Tests",Determine,100,1967,157360,80,0.8,Inverness Japan,1004,18612.64,259.64
33494,Vietnam,PMO - US,Direct Drop,EXW,Air,30-Jul-14,30-Jul-14,ARV,Adult,HETERO LABS LIMITED,SKU0029,"Tenofovir Disoproxil Fumarate 300mg, tablets, 30 Tabs",Generic,30,9300,33015,3.55,0.12,Hetero Unit III Hyderabad IN,See ASN-26928 (ID#:23156),See ASN-26928 (ID#:23156),33.94
33522,Côte d'Ivoire,PMO - US,Direct Drop,EXW,Air,6-Feb-13,6-Feb-13,HRDT,HIV test,"Orgenics, Ltd",SKU0002,"HIV 1/2, Determine Complete HIV Kit, 100 Tests",Determine,100,2400,192000,80,0.8,"Alere Medical Co., Ltd.",1043,20882.95,269.18
33544,Mozambique,PMO - US,Direct Drop,FCA,Air,30-Sep-13,30-Sep-13,ARV,Adult,ABBVIE LOGISTICS (FORMERLY ABBOTT LOGISTICS BV),SKU0110,"Ritonavir 100mg [Norvir], film coated tablets, 60 Tabs",Norvir,60,168,1150.8,6.85,0.11,ABBVIE Ludwigshafen Germany,23,851.62,1.42
33615,South Africa,PMO - US,Direct Drop,DDP,Truck,29-Aug-14,29-Aug-14,ARV,Adult,S. BUYS WHOLESALER,SKU0007,"Nevirapine 200mg, tablets, 60 Tabs",Generic,60,83,1624.98,19.58,0.33,"Aurobindo Unit III, India",Weight Captured Separately,Freight Included in Commodity Cost,2.01
33631,Zimbabwe,PMO - US,Direct Drop,FCA,Air,13-Dec-13,13-Dec-13,ARV,Pediatric,LAWRENCE LABORATORIES (SUBSIDIARY OF BRISTOL MYERS SQUIBB),SKU0028,"Didanosine 25mg [Videx], chewable tablets, 60 Tabs",Videx,60,372,2604,7,0.12,Bristol-Myers Squibb Anagni IT,95,2265.88,3.22
33634,South Africa,PMO - US,Direct Drop,DDP,Ocean,1-Feb-11,1-Feb-11,ARV,Adult,Aurobindo Pharma Limited,SKU0026,"Efavirenz 600mg, tablets, 30 Tabs",Generic,30,96764,438340.92,4.53,0.15,"Aurobindo Unit III, India",8468,30412.15,945.06
33654,South Africa,PMO - US,Direct Drop,DDP,Truck,25-Jun-14,25-Jun-14,ARV,Adult,PHARMACY DIRECT,SKU0011,"Lamivudine/Zidovudine 150/300mg, tablets, 60 Tabs",Generic,60,18,561.46,31.19,0.52,"Aurobindo Unit III, India",Weight Captured Separately,Freight Included in Commodity Cost,0.58
33665,Ghana,PMO - US,Direct Drop,EXW,Air,11-Sep-14,11-Sep-14,ARV,Adult,MYLAN LABORATORIES LTD (FORMERLY MATRIX LABORATORIES),SKU0113,"Efavirenz/Lamivudine/Tenofovir Disoproxil Fumarate 600/300/300mg, tablets, 30 Tabs",Generic,30,38692,415552.08,10.74,0.36,Mylan (formerly Matrix) Nashik,4707,32683.47,427.19
33684,Côte d'Ivoire,PMO - US,Direct Drop,EXW,Air,26-Apr-13,26-Apr-13,HRDT,HIV test,"Orgenics, Ltd",SKU0002,"HIV 1/2, Determine Complete HIV Kit, 100 Tests",Determine,100,2953,236240,80,0.8,"Alere Medical Co., Ltd.",1284,23273.76,292.23
33701,South Africa,PMO - US,Direct Drop,DDP,Truck,6-Feb-14,6-Feb-14,ARV,Adult,S. BUYS WHOLESALER,SKU0030,"Stavudine 20mg [Zerit], capsules, 60 Caps",Zerit,60,8,38.34,4.79,0.08,Bristol-Myers Squibb Anagni IT,Weight Captured Separately,Freight Included in Commodity Cost,0.05
33719,South Africa,PMO - US,Direct Drop,DDP,Truck,24-Aug-15,24-Aug-15,ARV,Pediatric,PHARMACY DIRECT,SKU0048,"Lamivudine 10mg/ml, oral solution, Bottle, 240 ml",Generic,240,17,91.92,5.41,0.02,"Aurobindo Unit III, India",Weight Captured Separately,Freight Included in Commodity Cost,0.09
33760,Vietnam,PMO - US,Direct Drop,EXW,Air,29-Mar-12,29-Mar-12,ARV,Adult,STRIDES ARCOLAB LIMITED,SKU0026,"Efavirenz 600mg, tablets, 30 Tabs",Generic,30,18854,77301.4,4.1,0.14,"Strides, Bangalore, India.",1146,5977.2,127.55
33773,South Africa,PMO - US,Direct Drop,DDP,Truck,24-Jul-15,24-Jul-15,ARV,Adult,PHARMACY DIRECT,SKU0003,"Lamivudine 150mg, tablets, 60 Tabs",Generic,60,65,429.44,6.61,0.11,"Aurobindo Unit III, India",Weight Captured Separately,Freight Included in Commodity Cost,0.44
33799,Tanzania,PMO - US,Direct Drop,FCA,Air,7-Mar-14,7-Mar-14,ARV,Pediatric,ABBVIE LOGISTICS (FORMERLY ABBOTT LOGISTICS BV),SKU0045,"Lopinavir/Ritonavir 100/25mg [Aluvia], tablets, 60 Tabs",Generic,60,1742,10347.48,5.94,0.1,ABBVIE Ludwigshafen Germany,208,2336.46,12.8
33807,Haiti,PMO - US,Direct Drop,FCA,Air,11-Sep-13,11-Sep-13,ARV,Pediatric,ABBVIE LOGISTICS (FORMERLY ABBOTT LOGISTICS BV),SKU0045,"Lopinavir/Ritonavir 100/25mg [Aluvia], tablets, 60 Tabs",Generic,60,612,3635.28,5.94,0.1,ABBVIE Ludwigshafen Germany,76,1259.05,4.5
33810,Malawi,PMO - US,Direct Drop,EXW,Ocean,21-Jun-13,21-Jun-13,ARV,Adult,MYLAN LABORATORIES LTD (FORMERLY MATRIX LABORATORIES),SKU0113,"Efavirenz/Lamivudine/Tenofovir Disoproxil Fumarate 600/300/300mg, tablets, 30 Tabs",Generic,30,6200,71238,11.49,0.38,Mylan (formerly Matrix) Nashik,701,3548.81,88.12
33812,South Africa,PMO - US,Direct Drop,DDP,Truck,12-May-15,12-May-15,ARV,Pediatric,PHARMACY DIRECT,SKU0048,"Lamivudine 10mg/ml, oral solution, Bottle, 240 ml",Generic,240,3,15.5,5.17,0.02,"Aurobindo Unit III, India",Weight Captured Separately,Freight Included in Commodity Cost,0.02
33833,South Africa,PMO - US,Direct Drop,DDP,Air,1-Jul-10,1-Jul-10,ARV,Pediatric,ASPEN PHARMACARE,SKU0087,"Abacavir 20mg/ml [Ziagen], oral solution, Bottle, 240 ml",Ziagen,240,80884,1219730.72,15.08,0.06,GSK Mississauga (Canada),Weight Captured Separately,Freight Included in Commodity Cost,2629.74
33848,Mali,PMO - US,Direct Drop,CIP,Air,17-Jul-13,17-Jul-13,HRDT,HIV test - Ancillary,Orasure Technologies Inc.,SKU0161,"HIV, OraQuick Controls Kit, 3 Vials",OraQuick,1,41,1025,25,25,"Orasure Technologies, Inc USA",Weight Captured Separately,Freight Included in Commodity Cost,1.27
33861,South Africa,PMO - US,Direct Drop,DDP,Truck,19-Feb-15,19-Feb-15,ARV,Adult,PHARMACY DIRECT,SKU0134,"Didanosine 400mg, delayed-release capsules, 30 Caps",Generic,30,3,59.03,19.68,0.66,"Aurobindo Unit III, India",Weight Captured Separately,Freight Included in Commodity Cost,0.06
33863,Cameroon,PMO - US,Direct Drop,EXW,Air,18-Oct-13,9-Nov-13,ARV,Adult,Aurobindo Pharma Limited,SKU0054,"Lamivudine/Nevirapine/Zidovudine 150/200/300mg, tablets, 60 Tabs",Generic,60,38515,313126.95,8.13,0.14,"Aurobindo Unit III, India",4892,41173.77,387.34
33868,South Africa,PMO - US,Direct Drop,DDP,Ocean,26-Jun-11,26-Jun-11,ARV,Adult,Aurobindo Pharma Limited,SKU0029,"Tenofovir Disoproxil Fumarate 300mg, tablets, 30 Tabs",Generic,30,70331,467701.15,6.65,0.22,"Aurobindo Unit III, India",6564,12396.57,771.71
33872,Vietnam,PMO - US,Direct Drop,EXW,Air,29-Jul-14,29-Jul-14,ARV,Adult,HETERO LABS LIMITED,SKU0113,"Efavirenz/Lamivudine/Tenofovir Disoproxil Fumarate 600/300/300mg, tablets, 30 Tabs",Generic,30,22752,238896,10.5,0.35,Hetero Unit III Hyderabad IN,3195,5583.11,245.59
33882,South Africa,PMO - US,Direct Drop,DDP,Ocean,5-May-11,5-May-11,ARV,Adult,CIPLA LIMITED,SKU0029,"Tenofovir Disoproxil Fumarate 300mg, tablets, 30 Tabs",Generic,30,150000,1029000,6.86,0.23,"Cipla, Goa, India",10151,19569.93,1697.85
33896,Ghana,PMO - US,Direct Drop,EXW,Air,21-Nov-14,21-Nov-14,ARV,Adult,MYLAN LABORATORIES LTD (FORMERLY MATRIX LABORATORIES),SKU0011,"Lamivudine/Zidovudine 150/300mg, tablets, 60 Tabs",Generic,60,25687,166708.63,6.49,0.11,Mylan (formerly Matrix) Nashik,2184,15041.23,171.38
33909,South Sudan,PMO - US,Direct Drop,EXW,Air,9-Jan-15,9-Jan-15,HRDT,HIV test,"Trinity Biotech, Plc",SKU0009,"HIV 1/2, Uni-Gold HIV Kit, 20 Tests",Uni-Gold,20,25,800,32,1.6,"Trinity Biotech, Plc",See ASN-29503 (ID#:13571),See ASN-29503 (ID#:13571),0.82
33948,South Africa,PMO - US,Direct Drop,DDP,Truck,5-Aug-14,5-Aug-14,ARV,Adult,PHARMACY DIRECT,SKU0026,"Efavirenz 600mg, tablets, 30 Tabs",Generic,30,60,935.76,15.6,0.52,"Aurobindo Unit III, India",Weight Captured Separately,Freight Included in Commodity Cost,0.96
33962,Haiti,PMO - US,Direct Drop,CIP,Air,21-Dec-09,21-Dec-09,ARV,Pediatric,BRISTOL-MYERS SQUIBB,SKU0028,"Didanosine 25mg [Videx], chewable tablets, 60 Tabs",Videx,60,120,840,7,0.12,"BMS Meymac, France",29,260,1.65
33964,Cameroon,PMO - US,Direct Drop,EXW,Air,18-Oct-13,18-Oct-13,ARV,Adult,Aurobindo Pharma Limited,SKU0014,"Zidovudine 300mg, tablets, 60 Tabs",Generic,60,16820,91332.6,5.43,0.09,"Aurobindo Unit III, India",2993,28620.2,112.98
33969,Tanzania,PMO - US,Direct Drop,EXW,Ocean,21-Sep-10,21-Sep-10,ARV,Adult,MYLAN LABORATORIES LTD (FORMERLY MATRIX LABORATORIES),SKU0132,"Efavirenz/Emtricitabine/Tenofovir Disoproxil Fumarate 600/200/300mg, tablets, 30 Tabs",Generic,30,57727,1148767.3,19.9,0.66,Mylan (formerly Matrix) Nashik,6349,27797.6,2476.74
34010,Uganda,PMO - US,Direct Drop,EXW,Air,26-May-15,26-May-15,ARV,Adult,EMCURE PHARMACEUTICALS LTD,SKU0119,"Atazanavir/Ritonavir 300/100mg, tablets, 30 Tabs",Generic,30,1000,18000,18,0.6,"Emcure Plot No.P-2, I.T-B.T. Park, Phase II, MIDC, Hinjwadi, Pune, India",132,1329.99,21.19
34028,Rwanda,PMO - US,Direct Drop,CIP,Air,13-Jun-10,13-Jun-10,ARV,Adult,HETERO LABS LIMITED,SKU0003,"Lamivudine 150mg, tablets, 60 Tabs",Generic,60,4500,11655,2.59,0.04,Hetero Unit III Hyderabad IN,277,1393.42,22.84
34058,Tanzania,PMO - US,Direct Drop,EXW,Air,28-Apr-15,28-Apr-15,HRDT,HIV test,"Trinity Biotech, Plc",SKU0009,"HIV 1/2, Uni-Gold HIV Kit, 20 Tests",Uni-Gold,20,84,2688,32,1.6,"Trinity Biotech, Plc",33,939.38,2.76
34062,Vietnam,PMO - US,Direct Drop,EXW,Air,30-May-14,30-May-14,ARV,Adult,MYLAN LABORATORIES LTD (FORMERLY MATRIX LABORATORIES),SKU0011,"Lamivudine/Zidovudine 150/300mg, tablets, 60 Tabs",Generic,60,9789,66075.75,6.75,0.11,Mylan (formerly Matrix) Nashik,1585,2965.32,81.74
34103,Haiti,PMO - US,Direct Drop,EXW,Air,28-Aug-14,28-Aug-14,HRDT,HIV test,"SHANGHAI KEHUA BIOENGINEERING CO.,LTD.  (KHB)",SKU0063,"HIV 1/2, SKB Colloidal Gold, Diagnostic Kit, Antibody, 50 Tests",Colloidal Gold,1,450,11025,24.5,24.5,"KHB Test Kit Facility, Shanghai China",300,3446.68,11.33
34113,South Sudan,PMO - US,Direct Drop,EXW,Air,20-Sep-13,20-Sep-13,HRDT,HIV test - Ancillary,"Orgenics, Ltd",SKU0136,"Chase Buffer, Determine, 100 Tests, 2.5ml x 1 Vial",Determine,1,115,575,5,5,"Alere Medical Co., Ltd.",115,2660.05,0.71
34119,South Africa,PMO - US,Direct Drop,DDP,Truck,24-Jul-15,24-Jul-15,ARV,Adult,PHARMACY DIRECT,SKU0115,"Etravirine 100mg [Intelence], tablets, 120 Tabs",Intelence,120,1,27.51,27.51,0.23,"Janssen-Cilag, Latina, IT",Weight Captured Separately,Freight Included in Commodity Cost,0.03
34122,Côte d'Ivoire,PMO - US,Direct Drop,EXW,Air,17-Mar-14,17-Mar-14,HRDT,HIV test,"Standard Diagnostics, Inc.",SKU0019,"HIV 1/2, Bioline 3.0 Kit, Lancets, Capillary pipets, Alcohol swabs included, 25 Tests",Bioline,25,2700,55350,20.5,0.82,"Standard Diagnostics, Korea",900,9024.04,56.9
34140,Tanzania,PMO - US,Direct Drop,EXW,Air,24-Aug-15,24-Aug-15,HRDT,HIV test,"Orgenics, Ltd",SKU0002,"HIV 1/2, Determine Complete HIV Kit, 100 Tests",Determine,100,1900,152000,80,0.8,"Alere Medical Co., Ltd.",Weight Captured Separately,Invoiced Separately,178.9
34143,South Africa,PMO - US,Direct Drop,DDP,Truck,12-May-15,12-May-15,ARV,Pediatric,PHARMACY DIRECT,SKU0048,"Lamivudine 10mg/ml, oral solution, Bottle, 240 ml",Generic,240,6,31.01,5.17,0.02,"Aurobindo Unit III, India",Weight Captured Separately,Freight Included in Commodity Cost,0.03
34164,Swaziland,PMO - US,Direct Drop,EXW,Air,8-Aug-11,8-Aug-11,HRDT,HIV test,"Orgenics, Ltd",SKU0002,"HIV 1/2, Determine Complete HIV Kit, 100 Tests",Determine,100,90,7200,80,0.8,Inverness Japan,See ASN-11528 (ID#:29347),See ASN-11528 (ID#:29347),11.88
34184,Vietnam,PMO - US,Direct Drop,FCA,Air,10-May-11,10-May-11,ARV,Adult,ABBVIE LOGISTICS (FORMERLY ABBOTT LOGISTICS BV),SKU0052,"Ritonavir 100mg [Norvir], capsules, cool, 4 x 84 Caps",Norvir,336,36,7434.36,206.51,0.61,ABBVIE (Abbott) Logis. UK,111,7300.68,12.27
34226,Sudan,PMO - US,Direct Drop,EXW,Air,18-May-10,18-May-10,HRDT,HIV test,"Orgenics, Ltd",SKU0002,"HIV 1/2, Determine Complete HIV Kit, 100 Tests",Determine,100,350,28000,80,0.8,Inverness Japan,104,2023.76,60.37
34235,South Africa,PMO - US,Direct Drop,DDP,Truck,31-May-10,31-May-10,ARV,Adult,S. BUYS WHOLESALER,SKU0061,"Lamivudine 150mg [Epivir], tablets, 60 Tabs",Epivir,60,2500,14939.06,5.98,0.1,GSK Ware (UK),Weight Captured Separately,Freight Included in Commodity Cost,32.21
34267,Uganda,PMO - US,Direct Drop,EXW,Air,22-Apr-14,22-Apr-14,HRDT,HIV test,"Orgenics, Ltd",SKU0002,"HIV 1/2, Determine Complete HIV Kit, 100 Tests",Determine,100,5486,438880,80,0.8,"Alere Medical Co., Ltd.",2224,21346.47,451.17
34280,Vietnam,PMO - US,Direct Drop,EXW,Air,3-Aug-10,3-Aug-10,ARV,Adult,STRIDES ARCOLAB LIMITED,SKU0003,"Lamivudine 150mg, tablets, 60 Tabs",Generic,60,5600,13160,2.35,0.04,"Strides, Bangalore, India.",See ASN-7485 (ID#:30256),See ASN-7485 (ID#:30256),28.37
34319,Nigeria,PMO - US,Direct Drop,EXW,Air,19-Jan-15,19-Jan-15,HRDT,HIV test,"Orgenics, Ltd",SKU0002,"HIV 1/2, Determine Complete HIV Kit, 100 Tests",Determine,100,3176,282664,89,0.89,"Alere Medical Co., Ltd.",1288,16002.97,290.58
34336,South Africa,PMO - US,Direct Drop,DDP,Truck,19-Feb-15,19-Feb-15,ARV,Adult,PHARMACY DIRECT,SKU0029,"Tenofovir Disoproxil Fumarate 300mg, tablets, 30 Tabs",Generic,30,3,57.36,19.12,0.64,Mylan (formerly Matrix) Nashik,Weight Captured Separately,Freight Included in Commodity Cost,0.06
34351,Zimbabwe,PMO - US,Direct Drop,EXW,Air,8-Jan-10,8-Jan-10,HRDT,HIV test,"Orgenics, Ltd",SKU0002,"HIV 1/2, Determine Complete HIV Kit, 100 Tests",Determine,100,1270,91440,72,0.72,Inverness Japan,635,11835.69,197.14
34360,Côte d'Ivoire,PMO - US,Direct Drop,EXW,Air,15-Jun-11,15-Jun-11,ARV,Adult,MYLAN LABORATORIES LTD (FORMERLY MATRIX LABORATORIES),SKU0125,"Abacavir/Lamivudine/Zidovudine 300/150/300mg, tablets, 60 Tabs",Generic,60,2432,72960,30,0.5,Mylan (formerly Matrix) Nashik,403,5714.74,120.38
34380,South Africa,PMO - US,Direct Drop,DDP,Truck,11-Jul-14,11-Jul-14,ARV,Pediatric,S. BUYS WHOLESALER,SKU0144,"Atazanavir 150mg [Reyataz], capsules, 60 Caps",Reyataz,60,2,51.37,25.68,0.43,"BMS Evansville, US",Weight Captured Separately,Freight Included in Commodity Cost,0.06
34456,Ghana,PMO - US,Direct Drop,EXW,Air,12-Jun-14,12-Jun-14,ARV,Adult,STRIDES ARCOLAB LIMITED,SKU0026,"Efavirenz 600mg, tablets, 30 Tabs",Generic,30,33144,105729.36,3.19,0.11,"Strides, Bangalore, India.",1874,9507.26,108.69
34459,Vietnam,PMO - US,Direct Drop,EXW,Air,28-Sep-12,28-Sep-12,ARV,Adult,HETERO LABS LIMITED,SKU0011,"Lamivudine/Zidovudine 150/300mg, tablets, 60 Tabs",Generic,60,7760,59364,7.65,0.13,Hetero Unit III Hyderabad IN,675,1587.92,83.23
34505,"Congo, DRC",PMO - US,Direct Drop,EXW,Air,5-Sep-14,5-Sep-14,HRDT,HIV test,"Trinity Biotech, Plc",SKU0009,"HIV 1/2, Uni-Gold HIV Kit, 20 Tests",Uni-Gold,20,5,160,32,1.6,"Trinity Biotech, Plc",See ASN-26738 (ID#:15115),See ASN-26738 (ID#:15115),0.16
34526,Vietnam,PMO - US,Direct Drop,FCA,Air,8-Sep-15,8-Sep-15,ARV,Adult,ABBVIE LOGISTICS (FORMERLY ABBOTT LOGISTICS BV),SKU0118,"Ritonavir 100mg [Norvir], film coated tablets, 30 Tabs",Norvir,30,450,10467,23.26,0.78,ABBVIE Ludwigshafen Germany,Weight Captured Separately,Invoiced Separately,12.32
34551,Nigeria,PMO - US,Direct Drop,EXW,Air,23-Dec-13,23-Dec-13,HRDT,HIV test,"Orgenics, Ltd",SKU0002,"HIV 1/2, Determine Complete HIV Kit, 100 Tests",Determine,100,9335,830815,89,0.89,"Alere Medical Co., Ltd.",3788,61035.9,1027.72
34563,Tanzania,PMO - US,Direct Drop,EXW,Air,24-Dec-09,24-Dec-09,HRDT,HIV test,"Standard Diagnostics, Inc.",SKU0086,"HIV 1/2, Bioline 3.0 Kit, (no accessories), 30 Tests",Bioline,30,4913,117912,24,0.8,"Standard Diagnostics, Korea",1639,2277,231.11
34564,Burundi,PMO - US,Direct Drop,EXW,Air,21-Apr-15,21-Apr-15,HRDT,HIV test,"Orgenics, Ltd",SKU0002,"HIV 1/2, Determine Complete HIV Kit, 100 Tests",Determine,100,1586,126880,80,0.8,"Alere Medical Co., Ltd.",972,14419.91,149.34
34566,Kenya,PMO - US,Direct Drop,EXW,Air,13-Oct-09,13-Oct-09,HRDT,HIV test,"Orgenics, Ltd",SKU0002,"HIV 1/2, Determine Complete HIV Kit, 100 Tests",Determine,100,100,8000,80,0.8,Inverness Japan,32,1555.21,15.68
34582,Vietnam,PMO - US,Direct Drop,EXW,Air,27-Oct-14,27-Oct-14,ARV,Adult,MYLAN LABORATORIES LTD (FORMERLY MATRIX LABORATORIES),SKU0011,"Lamivudine/Zidovudine 150/300mg, tablets, 60 Tabs",Generic,60,8000,51920,6.49,0.11,Mylan (formerly Matrix) Nashik,696,1599.67,53.37
34593,Zambia,PMO - US,Direct Drop,EXW,Air,20-Dec-11,16-Dec-11,HRDT,HIV test,"Orgenics, Ltd",SKU0002,"HIV 1/2, Determine Complete HIV Kit, 100 Tests",Determine,100,1224,97920,80,0.8,"Alere Medical Co., Ltd.",588,11491.6,161.57
34614,Mozambique,PMO - US,Direct Drop,EXW,Air,4-Nov-10,4-Nov-10,HRDT,HIV test,"Orgenics, Ltd",SKU0002,"HIV 1/2, Determine Complete HIV Kit, 100 Tests",Determine,100,212,16960,80,0.8,Inverness Japan,97,1910.93,36.57
34619,Côte d'Ivoire,PMO - US,Direct Drop,CIP,Air,6-Dec-10,6-Dec-10,ARV,Pediatric,MERCK SHARP & DOHME IDEA GMBH (FORMALLY MERCK SHARP & DOHME B.V.),SKU0102,"Efavirenz 30mg/ml [Stocrin/Sustiva], oral solution, Bottle, 180 ml",Stocrin/Sustiva,180,4200,71232,16.96,0.09,"MSD, Haarlem, NL",1234,2786.22,153.58
35258,Mozambique,PMO - US,Direct Drop,EXW,Air,13-Jan-15,13-Jan-15,HRDT,HIV test,"Trinity Biotech, Plc",SKU0009,"HIV 1/2, Uni-Gold HIV Kit, 20 Tests",Uni-Gold,20,27,864,32,1.6,"Trinity Biotech, Plc",Weight Captured Separately,Invoiced Separately,1.02
34646,"Congo, DRC",PMO - US,Direct Drop,FCA,Air,20-Nov-13,20-Nov-13,ARV,Pediatric,ABBVIE LOGISTICS (FORMERLY ABBOTT LOGISTICS BV),SKU0042,"Lopinavir/Ritonavir 80/20mg/ml [Kaletra], oral solution, cool, Bottle 5 x 60 ml",Kaletra,300,30,924.6,30.82,0.1,ABBVIE (Abbott) Logis. UK,56,1573.41,1.14
34698,Namibia,PMO - US,Direct Drop,EXW,Air,13-Apr-12,13-Apr-12,HRDT,HIV test,"Orgenics, Ltd",SKU0055,"HIV 1/2, Clearview Complete Kit, 25 Tests",Clearview,25,50,4750,95,3.8,Chembio Diagnostics Sys. Inc.,36,481.63,6.66
34700,Nigeria,PMO - US,Direct Drop,EXW,Air,19-Aug-14,26-Aug-14,HRDT,HIV test,"Orgenics, Ltd",SKU0002,"HIV 1/2, Determine Complete HIV Kit, 100 Tests",Determine,100,6375,567375,89,0.89,"Alere Medical Co., Ltd.",3764,38029.42,583.26
34718,Côte d'Ivoire,PMO - US,Direct Drop,FCA,Air,13-May-14,13-May-14,ARV,Pediatric,LAWRENCE LABORATORIES (SUBSIDIARY OF BRISTOL MYERS SQUIBB),SKU0028,"Didanosine 25mg [Videx], chewable tablets, 60 Tabs",Videx,60,1515,10605,7,0.12,Bristol-Myers Squibb Anagni IT,338,2864.63,10.9
34727,Nigeria,PMO - US,Direct Drop,EXW,Air,7-Nov-13,11-Nov-13,HRDT,HIV test,"Orgenics, Ltd",SKU0002,"HIV 1/2, Determine Complete HIV Kit, 100 Tests",Determine,100,3038,270382,89,0.89,"Alere Medical Co., Ltd.",1234,21084.84,334.46
34760,"Congo, DRC",PMO - US,Direct Drop,FCA,Air,20-Nov-13,20-Nov-13,ARV,Pediatric,ABBVIE LOGISTICS (FORMERLY ABBOTT LOGISTICS BV),SKU0042,"Lopinavir/Ritonavir 80/20mg/ml [Kaletra], oral solution, cool, Bottle 5 x 60 ml",Kaletra,300,184,5670.88,30.82,0.1,ABBVIE (Abbott) Logis. UK,288,460.91,7.01
34769,Uganda,PMO - US,Direct Drop,EXW,Air,28-Apr-15,28-Apr-15,HRDT,HIV test,"CHEMBIO DIAGNOSTIC SYSTEMS, INC.",SKU0016,"HIV 1/2, Stat-Pak HIV, Kit, 20 Tests",Stat-Pak,20,6200,192200,31,1.55,Chembio Diagnostics Sys. Inc.,2328,13456.05,226.22
34772,South Africa,PMO - US,Direct Drop,DDP,Ocean,2-Sep-11,2-Sep-11,ARV,Adult,STRIDES ARCOLAB LIMITED,SKU0003,"Lamivudine 150mg, tablets, 60 Tabs",Generic,60,515000,1251450,2.43,0.04,"Strides, Bangalore, India.",23273,31656.61,2064.89
34781,South Africa,PMO - US,Direct Drop,DDP,Ocean,15-Sep-11,15-Sep-11,ARV,Adult,Aurobindo Pharma Limited,SKU0029,"Tenofovir Disoproxil Fumarate 300mg, tablets, 30 Tabs",Generic,30,54245,360729.25,6.65,0.22,"Aurobindo Unit III, India",5063,10748.74,595.2
34837,Ethiopia,PMO - US,Direct Drop,EXW,Air,12-Mar-12,12-Mar-12,HRDT,HIV test,"SHANGHAI KEHUA BIOENGINEERING CO.,LTD.  (KHB)",SKU0063,"HIV 1/2, SKB Colloidal Gold, Diagnostic Kit, Antibody, 50 Tests",Colloidal Gold,1,1362,33369,24.5,24.5,"KHB Test Kit Facility, Shanghai China",970,8851.4,46.78
34885,South Africa,PMO - US,Direct Drop,DDP,Truck,12-Feb-15,12-Feb-15,ARV,Adult,PHARMACY DIRECT,SKU0007,"Nevirapine 200mg, tablets, 60 Tabs",Generic,60,20,256.48,12.82,0.21,"Aurobindo Unit III, India",Weight Captured Separately,Freight Included in Commodity Cost,0.26
34890,South Africa,PMO - US,Direct Drop,DDP,Truck,29-Aug-14,29-Aug-14,ARV,Adult,S. BUYS WHOLESALER,SKU0011,"Lamivudine/Zidovudine 150/300mg, tablets, 60 Tabs",Generic,60,215,7040.78,32.75,0.55,Hetero Unit III Hyderabad IN,Weight Captured Separately,Freight Included in Commodity Cost,8.71
34942,South Africa,PMO - US,Direct Drop,DDP,Truck,5-Aug-09,5-Aug-09,ARV,Pediatric,S. BUYS WHOLESALER,SKU0065,"Zidovudine 100mg, capsules, 100 Caps",Generic,100,944,22658.01,24,0.24,"Cipla, Goa, India",Weight Captured Separately,Freight Included in Commodity Cost,44.41
34960,Tanzania,PMO - US,Direct Drop,EXW,Air,29-Sep-11,20-Sep-11,HRDT,HIV test,"Standard Diagnostics, Inc.",SKU0019,"HIV 1/2, Bioline 3.0 Kit, Lancets, Capillary pipets, Alcohol swabs included, 25 Tests",Bioline,25,10000,200000,20,0.8,"Standard Diagnostics, Korea",Weight Captured Separately,Invoiced Separately,330
34961,South Africa,PMO - US,Direct Drop,DDP,Truck,7-Aug-09,7-Aug-09,ARV,Pediatric,S. BUYS WHOLESALER,SKU0077,"Zidovudine 100mg [Retrovir], capsules, 100 Caps",Retrovir,100,1056,17046.74,16.14,0.16,GSK Crawley,Weight Captured Separately,Freight Included in Commodity Cost,33.41
34965,South Africa,South Africa Field Office,Direct Drop,DDP,Truck,15-Apr-13,15-Apr-13,ARV,Pediatric,S. BUYS WHOLESALER,SKU0048,"Lamivudine 10mg/ml, oral solution, Bottle, 240 ml",Generic,240,25,184.76,7.39,0.03,"Cipla, Goa, India",Weight Captured Separately,Freight Included in Commodity Cost,0.23
34987,Vietnam,PMO - US,Direct Drop,EXW,Air,13-Jun-14,22-Jan-14,ARV,Adult,MYLAN LABORATORIES LTD (FORMERLY MATRIX LABORATORIES),SKU0113,"Efavirenz/Lamivudine/Tenofovir Disoproxil Fumarate 600/300/300mg, tablets, 30 Tabs",Generic,30,15500,172825,11.15,0.37,Mylan (formerly Matrix) Nashik,1745,3977.24,213.78
34989,South Africa,PMO - US,Direct Drop,DDP,Truck,19-Oct-09,19-Oct-09,ARV,Adult,S. BUYS WHOLESALER,SKU0021,"Tenofovir Disoproxil Fumarate 300mg [Viread], tablets, 30 Tabs",Viread,30,500,14278.99,28.56,0.95,"Aspen-OSD, Port Elizabeth, SA",Weight Captured Separately,Freight Included in Commodity Cost,27.99
35031,South Africa,PMO - US,Direct Drop,DDP,Truck,26-Jan-15,26-Jan-15,ARV,Pediatric,PHARMACY DIRECT,SKU0071,"Abacavir 20mg/ml, oral solution, Bottle, 240 ml",Generic,240,27,478.2,17.71,0.07,"Aurobindo Unit III, India",Weight Captured Separately,Freight Included in Commodity Cost,0.49
35043,Vietnam,PMO - US,Direct Drop,EXW,Air,24-Dec-14,13-Dec-14,ARV,Adult,HETERO LABS LIMITED,SKU0113,"Efavirenz/Lamivudine/Tenofovir Disoproxil Fumarate 600/300/300mg, tablets, 30 Tabs",Generic,30,18880,198240,10.5,0.35,Hetero Unit III Hyderabad IN,2452,3691.22,203.79
35053,Vietnam,PMO - US,Direct Drop,EXW,Air,5-Jun-12,5-Jun-12,ARV,Pediatric,Aurobindo Pharma Limited,SKU0145,"Abacavir 20mg/ml, oral solution w/syringe, Bottle, 240 ml",Generic,240,200,2500,12.5,0.05,"Aurobindo Unit III, India",546,1340.23,3.5
35054,Vietnam,PMO - US,Direct Drop,EXW,Air,13-Jul-15,13-Jul-15,ARV,Adult,HETERO LABS LIMITED,SKU0113,"Efavirenz/Lamivudine/Tenofovir Disoproxil Fumarate 600/300/300mg, tablets, 30 Tabs",Generic,30,17760,177600,10,0.33,Hetero Unit III Hyderabad IN,2516,3809.94,209.04
35065,Uganda,PMO - US,Direct Drop,DDP,Air,4-Jan-12,4-Jan-12,ARV,Adult,ASPEN PHARMACARE,SKU0139,"Darunavir 300mg [Prezista], tablets, 120 Tabs",Prezista,120,165,15140.4,91.76,0.76,"Aspen-OSD, Port Elizabeth, SA",24,297,24.98
35067,Nigeria,PMO - US,Direct Drop,EXW,Air,9-Jan-13,9-Jan-13,HRDT,HIV test,"Orgenics, Ltd",SKU0002,"HIV 1/2, Determine Complete HIV Kit, 100 Tests",Determine,100,2744,244216,89,0.89,"Alere Medical Co., Ltd.",1186,24927.19,342.39
35082,Vietnam,PMO - US,Direct Drop,EXW,Air,28-Sep-09,28-Sep-09,ARV,Adult,MYLAN LABORATORIES LTD (FORMERLY MATRIX LABORATORIES),SKU0029,"Tenofovir Disoproxil Fumarate 300mg, tablets, 30 Tabs",Generic,30,504,4158,8.25,0.28,Mylan (formerly Matrix) Nashik,See ASN-4871 (ID#:14331),See ASN-4871 (ID#:14331),8.15
35120,Nigeria,PMO - US,Direct Drop,EXW,Air,19-Jan-15,20-Jan-15,HRDT,HIV test,"Orgenics, Ltd",SKU0002,"HIV 1/2, Determine Complete HIV Kit, 100 Tests",Determine,100,6010,534890,89,0.89,"Alere Medical Co., Ltd.",6010,30132.32,549.87
35123,Nigeria,PMO - US,Direct Drop,EXW,Air,7-Nov-13,8-Nov-13,HRDT,HIV test,"Orgenics, Ltd",SKU0002,"HIV 1/2, Determine Complete HIV Kit, 100 Tests",Determine,100,3064,272696,89,0.89,"Alere Medical Co., Ltd.",1244,20602.3,337.32
35146,Uganda,PMO - US,Direct Drop,CIP,Air,20-Nov-13,20-Nov-13,ARV,Adult,ASPEN PHARMACARE,SKU0115,"Etravirine 100mg [Intelence], tablets, 120 Tabs",Intelence,120,217,7812,36,0.3,"Janssen-Cilag, Latina, IT",74,294.86,9.66
35231,South Africa,PMO - US,Direct Drop,DDP,Truck,12-May-15,12-May-15,ARV,Adult,PHARMACY DIRECT,SKU0029,"Tenofovir Disoproxil Fumarate 300mg, tablets, 30 Tabs",Generic,30,30,414.5,13.82,0.46,Mylan (formerly Matrix) Nashik,Weight Captured Separately,Freight Included in Commodity Cost,0.43
35232,Côte d'Ivoire,PMO - US,Direct Drop,EXW,Air,30-Oct-09,30-Oct-09,ARV,Adult,Aurobindo Pharma Limited,SKU0162,"Abacavir/Lamivudine 600/300mg, scored tablets, 30 Tabs",Generic,30,2245,51635,23,0.77,"Aurobindo Unit III, India",226,2911.16,101.2
35250,Vietnam,PMO - US,Direct Drop,FCA,Air,18-Aug-14,18-Aug-14,ARV,Adult,ABBVIE LOGISTICS (FORMERLY ABBOTT LOGISTICS BV),SKU0118,"Ritonavir 100mg [Norvir], film coated tablets, 30 Tabs",Norvir,30,300,6978,23.26,0.78,ABBVIE Ludwigshafen Germany,38,1779.09,7.17
35252,Vietnam,PMO - US,Direct Drop,EXW,Air,29-Mar-10,29-Mar-10,ARV,Adult,MYLAN LABORATORIES LTD (FORMERLY MATRIX LABORATORIES),SKU0003,"Lamivudine 150mg, tablets, 60 Tabs",Generic,60,19152,49795.2,2.6,0.04,Mylan (formerly Matrix) Nashik,See ASN-6355 (ID#:16828),See ASN-6355 (ID#:16828),107.36
35267,South Africa,PMO - US,Direct Drop,DDP,Truck,15-Sep-09,15-Sep-09,ARV,Adult,S. BUYS WHOLESALER,SKU0032,"Didanosine EC 400mg [Videx EC], delayed-release capsules, Blister 3 x 10 Caps",Videx EC,30,600,16040.17,26.73,0.89,"BMS Meymac, France",Weight Captured Separately,Freight Included in Commodity Cost,31.44
35279,South Africa,PMO - US,Direct Drop,DDP,Truck,29-Aug-14,29-Aug-14,ARV,Adult,S. BUYS WHOLESALER,SKU0026,"Efavirenz 600mg, tablets, 30 Tabs",Generic,30,768,12726.75,16.57,0.55,Hetero Unit III Hyderabad IN,Weight Captured Separately,Freight Included in Commodity Cost,15.74
35298,South Africa,PMO - US,Direct Drop,DDP,Truck,24-Jul-15,24-Jul-15,ARV,Pediatric,PHARMACY DIRECT,SKU0048,"Lamivudine 10mg/ml, oral solution, Bottle, 240 ml",Generic,240,17,91.92,5.41,0.02,"Aurobindo Unit III, India",Weight Captured Separately,Freight Included in Commodity Cost,0.09
35299,South Africa,PMO - US,Direct Drop,DDP,Truck,13-Jan-14,13-Jan-14,ARV,Adult,S. BUYS WHOLESALER,SKU0004,"Stavudine 30mg, capsules, 60 Caps",Generic,60,440,1734.76,3.94,0.07,"Aurobindo Unit III, India",Weight Captured Separately,Freight Included in Commodity Cost,1.78
35300,Vietnam,PMO - US,Direct Drop,EXW,Air,6-Jun-11,6-Jun-11,ARV,Adult,HETERO LABS LIMITED,SKU0004,"Stavudine 30mg, capsules, 60 Caps",Generic,60,21000,30450,1.45,0.02,Hetero Unit III Hyderabad IN,1516,11915.51,50.24
35310,South Africa,PMO - US,Direct Drop,DDP,Ocean,4-Nov-10,4-Nov-10,ARV,Adult,STRIDES ARCOLAB LIMITED,SKU0003,"Lamivudine 150mg, tablets, 60 Tabs",Generic,60,75000,186750,2.49,0.04,"Strides, Bangalore, India.",3755,4514.06,402.63
35323,Côte d'Ivoire,PMO - US,Direct Drop,FCA,Air,17-Oct-13,17-Oct-13,ARV,Adult,ABBVIE LOGISTICS (FORMERLY ABBOTT LOGISTICS BV),SKU0110,"Ritonavir 100mg [Norvir], film coated tablets, 60 Tabs",Norvir,60,780,5343,6.85,0.11,ABBVIE Ludwigshafen Germany,102,1743.84,6.61
35352,Rwanda,PMO - US,Direct Drop,EXW,Air,30-Mar-12,30-Mar-12,ARV,Adult,Aurobindo Pharma Limited,SKU0069,"Didanosine 250mg, delayed-release capsules, 30 Caps",Generic,30,1185,15405,13,0.43,"Aurobindo Unit III, India",See ASN-14125 (ID#:22658),See ASN-14125 (ID#:22658),25.42
35372,Vietnam,PMO - US,Direct Drop,EXW,Air,26-Nov-14,26-Nov-14,ARV,Adult,MICRO LABS LIMITED,SKU0007,"Nevirapine 200mg, tablets, 60 Tabs",Generic,60,8400,17472,2.08,0.03,"Micro labs, Verna, Goa, India",See ASN-28777 (ID#:22196),See ASN-28777 (ID#:22196),17.96
35375,South Africa,PMO - US,Direct Drop,DDP,Ocean,3-Nov-11,3-Nov-11,ARV,Adult,Aurobindo Pharma Limited,SKU0026,"Efavirenz 600mg, tablets, 30 Tabs",Generic,30,69255,312340.05,4.51,0.15,"Aurobindo Unit III, India",5887,4232.71,515.36
35444,Tanzania,PMO - US,Direct Drop,FCA,Air,31-Dec-13,31-Dec-13,ARV,Pediatric,ABBVIE LOGISTICS (FORMERLY ABBOTT LOGISTICS BV),SKU0045,"Lopinavir/Ritonavir 100/25mg [Aluvia], tablets, 60 Tabs",Generic,60,1764,10478.16,5.94,0.1,ABBVIE Ludwigshafen Germany,209,2177.56,12.96
35487,Kenya,PMO - US,Direct Drop,EXW,Air,9-Jul-12,28-Jul-12,HRDT,HIV test,"Orgenics, Ltd",SKU0002,"HIV 1/2, Determine Complete HIV Kit, 100 Tests",Determine,100,5938,528482,89,0.89,"Alere Medical Co., Ltd.",1022,15120.61,740.93
35488,Nigeria,PMO - US,Direct Drop,EXW,Air,19-Jan-15,16-Jan-15,HRDT,HIV test,"Orgenics, Ltd",SKU0002,"HIV 1/2, Determine Complete HIV Kit, 100 Tests",Determine,100,3054,271806,89,0.89,"Alere Medical Co., Ltd.",1241,15994.73,279.42
35493,Zambia,PMO - US,Direct Drop,EXW,Air,27-Aug-13,27-Aug-13,ARV,Adult,Aurobindo Pharma Limited,SKU0105,"Emtricitabine/Tenofovir Disoproxil Fumarate 200/300mg, tablets, 30 Tabs",Generic,30,79620,469758,5.9,0.2,"Aurobindo Unit III, India",7133,40583.63,581.09
35519,South Africa,PMO - US,Direct Drop,DDP,Air,1-Jun-10,1-Jun-10,ARV,Adult,Aurobindo Pharma Limited,SKU0026,"Efavirenz 600mg, tablets, 30 Tabs",Generic,30,53957,251979.19,4.67,0.16,"Aurobindo Unit III, India",4565,6105.83,543.27
35539,Sudan,PMO - US,Direct Drop,EXW,Air,3-Feb-12,3-Feb-12,HRDT,HIV test,"Orgenics, Ltd",SKU0002,"HIV 1/2, Determine Complete HIV Kit, 100 Tests",Determine,100,20,1780,89,0.89,"Alere Medical Co., Ltd.",10,900.53,2.94
35559,South Africa,PMO - US,Direct Drop,DDP,Truck,27-Aug-14,27-Aug-14,ARV,Pediatric,S. BUYS WHOLESALER,SKU0049,"Efavirenz 50mg, capsule, 30 Caps",Generic,30,18,59.69,3.32,0.11,"Aurobindo Unit III, India",Weight Captured Separately,Freight Included in Commodity Cost,0.07
35566,South Africa,PMO - US,Direct Drop,DDP,Truck,12-May-15,12-May-15,ARV,Adult,PHARMACY DIRECT,SKU0011,"Lamivudine/Zidovudine 150/300mg, tablets, 60 Tabs",Generic,60,19,406.76,21.41,0.36,"Aurobindo Unit III, India",Weight Captured Separately,Freight Included in Commodity Cost,0.42
35609,Ghana,PMO - US,Direct Drop,EXW,Air,17-Jul-14,23-Jul-14,ARV,Adult,STRIDES ARCOLAB LIMITED,SKU0026,"Efavirenz 600mg, tablets, 30 Tabs",Generic,30,60000,191400,3.19,0.11,"Strides, Bangalore, India.",3862,25512.84,196.76
35637,South Africa,PMO - US,Direct Drop,DDP,Truck,5-Aug-14,5-Aug-14,ARV,Adult,PHARMACY DIRECT,SKU0134,"Didanosine 400mg, delayed-release capsules, 30 Caps",Generic,30,1,19.68,19.68,0.66,"Aurobindo Unit III, India",Weight Captured Separately,Freight Included in Commodity Cost,0.02
35640,Liberia,PMO - US,Direct Drop,EXW,Air,13-Sep-11,13-Sep-11,HRDT,HIV test,"Orgenics, Ltd",SKU0002,"HIV 1/2, Determine Complete HIV Kit, 100 Tests",Determine,100,520,41600,80,0.8,Inverness Japan,252,8678.71,68.64
35643,Rwanda,PMO - US,Direct Drop,EXW,Air,4-May-15,4-May-15,ARV,Adult,EMCURE PHARMACEUTICALS LTD,SKU0119,"Atazanavir/Ritonavir 300/100mg, tablets, 30 Tabs",Generic,30,13823,248814,18,0.6,"Emcure Plot No.P-2, I.T-B.T. Park, Phase II, MIDC, Hinjwadi, Pune, India",1805,10743.33,255.78
35652,South Africa,PMO - US,Direct Drop,DDP,Truck,29-Aug-14,29-Aug-14,ARV,Pediatric,S. BUYS WHOLESALER,SKU0066,"Efavirenz 200mg, capsule, 90 Caps",Generic,90,59,1535.78,26.03,0.29,"Aurobindo Unit III, India",Weight Captured Separately,Freight Included in Commodity Cost,1.9
35660,Zambia,PMO - US,Direct Drop,EXW,Air,5-Jun-13,5-Jun-13,HRDT,HIV test,"Orgenics, Ltd",SKU0002,"HIV 1/2, Determine Complete HIV Kit, 100 Tests",Determine,100,2233,178640,80,0.8,"Alere Medical Co., Ltd.",925,16740.97,220.98
35678,"Congo, DRC",PMO - US,Direct Drop,EXW,Air,20-Nov-12,20-Nov-12,HRDT,HIV test,"Orgenics, Ltd",SKU0160,"HIV 1/2, DoubleCheck Gold Kit, 20 Tests",DoubleCheck,20,196,7157.92,36.52,1.83,"Alere Medical Co., Ltd.",47,4449.1,10.04
35699,Cameroon,PMO - US,Direct Drop,EXW,Air,16-Dec-13,16-Dec-13,ARV,Adult,MYLAN LABORATORIES LTD (FORMERLY MATRIX LABORATORIES),SKU0113,"Efavirenz/Lamivudine/Tenofovir Disoproxil Fumarate 600/300/300mg, tablets, 30 Tabs",Generic,30,76733,855572.95,11.15,0.37,Mylan (formerly Matrix) Nashik,9268,77756.12,1058.34
35700,South Africa,PMO - US,Direct Drop,DDP,Air,19-Jul-10,19-Jul-10,ARV,Adult,CIPLA LIMITED,SKU0029,"Tenofovir Disoproxil Fumarate 300mg, tablets, 30 Tabs",Generic,30,1110,8680.2,7.82,0.26,"Cipla, Goa, India",76,916.22,18.71
35717,Rwanda,PMO - US,Direct Drop,FCA,Air,8-May-15,8-May-15,ARV,Pediatric,SWORDS LABORATORIES,SKU0133,"Atazanavir 200mg [Reyataz], capsules, 60 Caps",Reyataz,60,466,18928.92,40.62,0.68,Bristol-Myers Squibb Anagni IT,69,802.85,22.28
35749,South Africa,PMO - US,Direct Drop,DDP,Ocean,13-Oct-11,24-Jan-12,ARV,Pediatric,Aurobindo Pharma Limited,SKU0126,"Nevirapine 10mg/ml, oral suspension w/syringe, Bottle, 240 ml",Generic,240,19098,43161.48,2.26,0.01,"Aurobindo Unit III, India",6876,461.5,71.22
35788,"Congo, DRC",PMO - US,Direct Drop,EXW,Air,3-Aug-12,3-Aug-12,HRDT,HIV test,"Trinity Biotech, Plc",SKU0009,"HIV 1/2, Uni-Gold HIV Kit, 20 Tests",Uni-Gold,20,137,4384,32,1.6,"Trinity Biotech, Plc",62,1367.59,6.15
35790,Uganda,PMO - US,Direct Drop,EXW,Air,3-Oct-13,3-Oct-13,ARV,Adult,CIPLA LIMITED,SKU0054,"Lamivudine/Nevirapine/Zidovudine 150/200/300mg, tablets, 60 Tabs",Generic,60,114996,931467.6,8.1,0.13,"Cipla, Goa, India",15435,56180.34,1152.23
35808,South Africa,PMO - US,Direct Drop,DDP,Air,13-Oct-10,27-Oct-10,ARV,Adult,CIPLA LIMITED,SKU0029,"Tenofovir Disoproxil Fumarate 300mg, tablets, 30 Tabs",Generic,30,51920,406014.4,7.82,0.26,"Cipla, Goa, India",3549,3646.13,875.37
35813,Guyana,PMO - US,Direct Drop,FCA,Air,12-Jun-10,12-Jun-10,ARV,Pediatric,ABBVIE LOGISTICS (FORMERLY ABBOTT LOGISTICS BV),SKU0042,"Lopinavir/Ritonavir 80/20mg/ml [Kaletra], oral solution, cool, Bottle 5 x 60 ml",Kaletra,300,141,11590.2,82.2,0.27,ABBVIE (Abbott) Logis. UK,225,1831.83,24.99
35870,Uganda,PMO - US,Direct Drop,DDP,Air,14-Mar-13,14-Mar-13,ARV,Adult,ASPEN PHARMACARE,SKU0139,"Darunavir 300mg [Prezista], tablets, 120 Tabs",Prezista,120,388,25840.8,66.6,0.55,"Aspen-OSD, Port Elizabeth, SA",68,1571.76,31.97
35896,Vietnam,PMO - US,Direct Drop,EXW,Air,22-Jan-14,22-Jan-14,ARV,Adult,Aurobindo Pharma Limited,SKU0054,"Lamivudine/Nevirapine/Zidovudine 150/200/300mg, tablets, 60 Tabs",Generic,60,26598,216773.7,8.15,0.14,"Aurobindo Unit III, India",3301,5764.28,268.15
35900,Swaziland,PMO - US,Direct Drop,EXW,Air,9-Aug-12,9-Aug-12,HRDT,HIV test,"Orgenics, Ltd",SKU0002,"HIV 1/2, Determine Complete HIV Kit, 100 Tests",Determine,100,135,10800,80,0.8,"Alere Medical Co., Ltd.",69,1626.1,15.14
35904,South Africa,PMO - US,Direct Drop,DDP,Truck,5-Nov-14,5-Nov-14,ARV,Pediatric,PHARMACY DIRECT,SKU0049,"Efavirenz 50mg, capsule, 30 Caps",Generic,30,24,72.14,3.01,0.1,"Aurobindo Unit III, India",Weight Captured Separately,Freight Included in Commodity Cost,0.07
35913,South Africa,PMO - US,Direct Drop,DDP,Ocean,13-Jun-11,22-Sep-11,ARV,Adult,Aurobindo Pharma Limited,SKU0029,"Tenofovir Disoproxil Fumarate 300mg, tablets, 30 Tabs",Generic,30,42938,285537.7,6.65,0.22,"Aurobindo Unit III, India",4008,6121.39,471.14
35922,South Africa,PMO - US,Direct Drop,DDP,Truck,6-Feb-14,6-Feb-14,ARV,Adult,S. BUYS WHOLESALER,SKU0134,"Didanosine 400mg, delayed-release capsules, 30 Caps",Generic,30,20,389.71,19.49,0.65,"Aurobindo Unit III, India",Weight Captured Separately,Freight Included in Commodity Cost,0.48
35951,Haiti,PMO - US,Direct Drop,EXW,Ocean,9-May-14,9-May-14,ARV,Pediatric,MYLAN LABORATORIES LTD (FORMERLY MATRIX LABORATORIES),SKU0138,"Abacavir/Lamivudine 60/30mg, tablets, 60 Tabs",Generic,60,1080,4266,3.95,0.07,Mylan (formerly Matrix) Nashik,See ASN-24373 (ID#:16513),See ASN-24373 (ID#:16513),5.28
35968,Vietnam,PMO - US,Direct Drop,EXW,Air,10-Jul-15,10-Jul-15,ARV,Adult,HETERO LABS LIMITED,SKU0026,"Efavirenz 600mg, tablets, 30 Tabs",Generic,30,14000,49000,3.5,0.12,Hetero Unit III Hyderabad IN,1400,2859.58,57.67
35975,Rwanda,PMO - US,Direct Drop,EXW,Air,22-Aug-12,22-Aug-12,ARV,Adult,Aurobindo Pharma Limited,SKU0134,"Didanosine 400mg, delayed-release capsules, 30 Caps",Generic,30,1728,34560,20,0.67,"Aurobindo Unit III, India",See ASN-15941 (ID#:30211),See ASN-15941 (ID#:30211),48.45
35977,South Africa,PMO - US,Direct Drop,DDP,Truck,24-Aug-15,24-Aug-15,ARV,Pediatric,PHARMACY DIRECT,SKU0066,"Efavirenz 200mg, capsule, 90 Caps",Generic,90,34,620.49,18.25,0.2,"Aurobindo Unit III, India",Weight Captured Separately,Freight Included in Commodity Cost,0.64
35983,Vietnam,PMO - US,Direct Drop,EXW,Air,9-Aug-10,9-Aug-10,ARV,Adult,MYLAN LABORATORIES LTD (FORMERLY MATRIX LABORATORIES),SKU0029,"Tenofovir Disoproxil Fumarate 300mg, tablets, 30 Tabs",Generic,30,3686,25802,7,0.23,Mylan (formerly Matrix) Nashik,255,6518.69,55.63
36005,Rwanda,PMO - US,Direct Drop,EXW,Air,27-Aug-15,27-Aug-15,ARV,Adult,EMCURE PHARMACEUTICALS LTD,SKU0119,"Atazanavir/Ritonavir 300/100mg, tablets, 30 Tabs",Generic,30,4011,72198,18,0.6,"Emcure Plot No.P-2, I.T-B.T. Park, Phase II, MIDC, Hinjwadi, Pune, India",Weight Captured Separately,Invoiced Separately,74.22
36019,Tanzania,PMO - US,Direct Drop,EXW,Air,28-Apr-15,28-Apr-15,HRDT,HIV test,"Orgenics, Ltd",SKU0002,"HIV 1/2, Determine Complete HIV Kit, 100 Tests",Determine,100,168,13440,80,0.8,"Alere Medical Co., Ltd.",73,1806.81,13.82
36035,Vietnam,PMO - US,Direct Drop,EXW,Air,29-Jan-13,29-Jan-13,ARV,Adult,MYLAN LABORATORIES LTD (FORMERLY MATRIX LABORATORIES),SKU0113,"Efavirenz/Lamivudine/Tenofovir Disoproxil Fumarate 600/300/300mg, tablets, 30 Tabs",Generic,30,46749,560520.51,11.99,0.4,Mylan (formerly Matrix) Nashik,7500,19116.64,785.85
36053,South Africa,PMO - US,Direct Drop,DDP,Truck,30-Oct-09,30-Oct-09,ARV,Pediatric,S. BUYS WHOLESALER,SKU0049,"Efavirenz 50mg, capsule, 30 Caps",Generic,30,6690,26864.85,4.02,0.13,"Aurobindo Unit III, India",Weight Captured Separately,Freight Included in Commodity Cost,52.66
36083,Uganda,PMO - US,Direct Drop,EXW,Air,22-Aug-14,22-Aug-14,HRDT,HIV test,BIO-RAD LABORATORIES (FRANCE),SKU0163,"HIV, Multispot HIV-1/HIV-2 Rapid Test Kit, 50 Tests",Multispot,50,45,55913.85,1242.53,24.85,Bio-Rad Laboratories,68,1305.28,57.48
36147,Vietnam,PMO - US,Direct Drop,EXW,Air,13-Jul-15,13-Jul-15,ARV,Adult,HETERO LABS LIMITED,SKU0007,"Nevirapine 200mg, tablets, 60 Tabs",Generic,60,10000,21600,2.16,0.04,Hetero Unit III Hyderabad IN,See ASN-32258 (ID#:29880),See ASN-32258 (ID#:29880),25.42
36157,South Africa,PMO - US,Direct Drop,DDP,Truck,13-Jan-14,13-Jan-14,ARV,Pediatric,S. BUYS WHOLESALER,SKU0049,"Efavirenz 50mg, capsule, 30 Caps",Generic,30,328,976.49,2.98,0.1,"Aurobindo Unit III, India",Weight Captured Separately,Freight Included in Commodity Cost,1
36162,Vietnam,PMO - US,Direct Drop,EXW,Air,2-Apr-13,2-Apr-13,ARV,Adult,HETERO LABS LIMITED,SKU0026,"Efavirenz 600mg, tablets, 30 Tabs",Generic,30,17755,57703.75,3.25,0.11,"Hetero, Jadcherla, unit 5, IN",1505,2604.31,71.38
36166,South Sudan,PMO - US,Direct Drop,EXW,Air,22-Mar-13,22-Mar-13,HRDT,HIV test,"Trinity Biotech, Plc",SKU0009,"HIV 1/2, Uni-Gold HIV Kit, 20 Tests",Uni-Gold,20,44,1408,32,1.6,"Trinity Biotech, Plc",14,1101.91,1.74
36172,South Africa,PMO - US,Direct Drop,DDP,Truck,31-May-10,31-May-10,ARV,Pediatric,S. BUYS WHOLESALER,SKU0066,"Efavirenz 200mg, capsule, 90 Caps",Generic,90,80,2666.08,33.33,0.37,"Aurobindo Unit III, India",Weight Captured Separately,Freight Included in Commodity Cost,5.75
36179,Haiti,PMO - US,Direct Drop,EXW,Air,13-Jun-13,13-Jun-13,ARV,Pediatric,MYLAN LABORATORIES LTD (FORMERLY MATRIX LABORATORIES),SKU0140,"Lamivudine/Nevirapine/Zidovudine 30/50/60mg, dispersible tablets, 60 Tabs",Generic,60,4235,17575.25,4.15,0.07,Mylan (formerly Matrix) Nashik,236,2215.13,21.74
36203,Nigeria,PMO - US,Direct Drop,EXW,Air,6-Nov-12,8-Nov-12,HRDT,HIV test,"Orgenics, Ltd",SKU0002,"HIV 1/2, Determine Complete HIV Kit, 100 Tests",Determine,100,2996,266644,89,0.89,"Alere Medical Co., Ltd.",1426,33279.83,373.83
36204,Haiti,PMO - US,Direct Drop,FCA,Air,28-Feb-14,28-Feb-14,ARV,Pediatric,ABBVIE LOGISTICS (FORMERLY ABBOTT LOGISTICS BV),SKU0042,"Lopinavir/Ritonavir 80/20mg/ml [Kaletra], oral solution, cool, Bottle 5 x 60 ml",Kaletra,300,10,308.2,30.82,0.1,ABBVIE (Abbott) Logis. UK,38,1347,0.38
36209,South Africa,PMO - US,Direct Drop,DDP,Truck,27-Aug-14,27-Aug-14,ARV,Adult,S. BUYS WHOLESALER,SKU0134,"Didanosine 400mg, delayed-release capsules, 30 Caps",Generic,30,16,349.87,21.87,0.73,"Aurobindo Unit III, India",Weight Captured Separately,Freight Included in Commodity Cost,0.43
36212,South Africa,PMO - US,Direct Drop,DDP,Truck,13-Jan-14,13-Jan-14,ARV,Adult,S. BUYS WHOLESALER,SKU0011,"Lamivudine/Zidovudine 150/300mg, tablets, 60 Tabs",Generic,60,524,15533.57,29.64,0.49,"Cipla, Goa, India",Weight Captured Separately,Freight Included in Commodity Cost,15.97
36219,South Africa,PMO - US,Direct Drop,DDP,Ocean,5-Sep-11,5-Sep-11,ARV,Adult,Aurobindo Pharma Limited,SKU0014,"Zidovudine 300mg, tablets, 60 Tabs",Generic,60,100000,730000,7.3,0.12,"Aurobindo Unit III, India",5178,14621.3,1204.5
36277,Haiti,PMO - US,Direct Drop,EXW,Air,1-Oct-10,1-Oct-10,HRDT,HIV test,Orasure Technologies Inc.,SKU0018,"HIV 1/2, OraQuick Advance HIV Rapid Antibody Kit, 100 Tests",OraQuick,100,100,35000,350,3.5,"Orasure Technologies, Inc",240,4355.7,75.46
36298,Vietnam,PMO - US,Direct Drop,FCA,Air,22-Mar-10,22-Mar-10,ARV,Adult,ABBVIE LOGISTICS (FORMERLY ABBOTT LOGISTICS BV),SKU0052,"Ritonavir 100mg [Norvir], capsules, cool, 4 x 84 Caps",Norvir,336,60,4603.2,76.72,0.23,ABBVIE (Abbott) Logis. UK,170,4256.38,9.92
36322,Haiti,PMO - US,Direct Drop,EXW,Ocean,17-Jun-15,17-Jun-15,ARV,Adult,MYLAN LABORATORIES LTD (FORMERLY MATRIX LABORATORIES),SKU0011,"Lamivudine/Zidovudine 150/300mg, tablets, 60 Tabs",Generic,60,53010,344034.9,6.49,0.11,Mylan (formerly Matrix) Nashik,Weight Captured Separately,Invoiced Separately,353.67
36350,Guyana,PMO - US,Direct Drop,EXW,Air,24-Nov-10,24-Nov-10,ARV,Adult,Aurobindo Pharma Limited,SKU0135,"Lopinavir/Ritonavir 200/50mg, tablets, 120 Tabs",Generic,120,3796,136656,36,0.3,"Aurobindo Unit III, India",1028,12609.89,294.63
36411,South Africa,PMO - US,Direct Drop,DDP,Truck,12-May-15,12-May-15,ARV,Adult,PHARMACY DIRECT,SKU0058,"Abacavir 300mg, tablets, 60 Tabs",Generic,60,3,149.56,49.85,0.83,"Aurobindo Unit III, India",Weight Captured Separately,Freight Included in Commodity Cost,0.15
36416,Zimbabwe,PMO - US,Direct Drop,EXW,Air,18-Jul-14,18-Jul-14,ARV,Adult,STRIDES ARCOLAB LIMITED,SKU0007,"Nevirapine 200mg, tablets, 60 Tabs",Generic,60,35000,77000,2.2,0.04,"Strides, Bangalore, India.",2180,19328.2,79.16
36431,South Africa,PMO - US,Direct Drop,DDP,Ocean,13-Dec-11,30-Jan-12,ARV,Adult,CIPLA LIMITED,SKU0007,"Nevirapine 200mg, tablets, 60 Tabs",Generic,60,35364,96190.08,2.72,0.05,"Cipla, Goa, India",3793,8527.45,158.71
36443,Haiti,PMO - US,Direct Drop,EXW,Air,18-Jul-14,18-Jul-14,ARV,Pediatric,Aurobindo Pharma Limited,SKU0120,"Nevirapine 50mg, dispersible tablets (tablets for oral suspension), 30 Tabs",Generic,30,2438,3047.5,1.25,0.04,"Aurobindo Unit III, India",See ASN-26559 (ID#:15240),See ASN-26559 (ID#:15240),3.13
36447,South Africa,PMO - US,Direct Drop,DDP,Ocean,5-Oct-11,14-Oct-11,ARV,Adult,Aurobindo Pharma Limited,SKU0029,"Tenofovir Disoproxil Fumarate 300mg, tablets, 30 Tabs",Generic,30,14155,94130.75,6.65,0.22,"Aurobindo Unit III, India",1321,9726.53,155.32
36453,Sudan,PMO - US,Direct Drop,EXW,Air,27-Jun-11,27-Jun-11,HRDT,HIV test,"Orgenics, Ltd",SKU0002,"HIV 1/2, Determine Complete HIV Kit, 100 Tests",Determine,100,213,18957,89,0.89,Inverness Japan,97,2542.17,31.28
36464,Vietnam,PMO - US,Direct Drop,EXW,Air,10-Jul-15,10-Jul-15,ARV,Adult,HETERO LABS LIMITED,SKU0113,"Efavirenz/Lamivudine/Tenofovir Disoproxil Fumarate 600/300/300mg, tablets, 30 Tabs",Generic,30,17760,177600,10,0.33,Hetero Unit III Hyderabad IN,2523,4761.9,209.04
36507,Vietnam,PMO - US,Direct Drop,EXW,Air,9-Feb-11,9-Feb-11,ARV,Adult,HETERO LABS LIMITED,SKU0014,"Zidovudine 300mg, tablets, 60 Tabs",Generic,60,504,3502.8,6.95,0.12,Hetero Unit III Hyderabad IN,See ASN-9407 (ID#:17697),See ASN-9407 (ID#:17697),7.55
36530,Tanzania,PMO - US,Direct Drop,EXW,Air,28-Feb-13,28-Feb-13,HRDT,HIV test,"Trinity Biotech, Plc",SKU0009,"HIV 1/2, Uni-Gold HIV Kit, 20 Tests",Uni-Gold,20,8460,270720,32,1.6,"Trinity Biotech, Plc",2770,26281.49,334.88
36539,Uganda,PMO - US,Direct Drop,EXW,Air,21-Jan-13,21-Jan-13,ARV,Adult,MYLAN LABORATORIES LTD (FORMERLY MATRIX LABORATORIES),SKU0119,"Atazanavir/Ritonavir 300/100mg, tablets, 30 Tabs",Generic,30,1665,37462.5,22.5,0.75,Mylan (formerly Matrix) Nashik,420,3900.39,46.34
36541,South Africa,PMO - US,Direct Drop,DDP,Truck,6-Feb-14,6-Feb-14,ARV,Pediatric,S. BUYS WHOLESALER,SKU0066,"Efavirenz 200mg, capsule, 90 Caps",Generic,90,85,1985.58,23.36,0.26,"Aurobindo Unit III, India",Weight Captured Separately,Freight Included in Commodity Cost,2.46
36562,Mozambique,PMO - US,Direct Drop,FCA,Air,2-Mar-11,2-Mar-11,ARV,Adult,ABBVIE LOGISTICS (FORMERLY ABBOTT LOGISTICS BV),SKU0118,"Ritonavir 100mg [Norvir], film coated tablets, 30 Tabs",Norvir,30,2240,7683.2,3.43,0.11,ABBVIE Ludwigshafen Germany,216,2698.28,16.56
36592,Zimbabwe,PMO - US,Direct Drop,EXW,Air,8-Sep-11,8-Sep-11,HRDT,HIV test,"Orgenics, Ltd",SKU0002,"HIV 1/2, Determine Complete HIV Kit, 100 Tests",Determine,100,1070,85600,80,0.8,Inverness Japan,532,14423.28,141.24
36596,South Africa,PMO - US,Direct Drop,DDP,Truck,24-Jul-15,24-Jul-15,ARV,Adult,PHARMACY DIRECT,SKU0026,"Efavirenz 600mg, tablets, 30 Tabs",Generic,30,39,439.52,11.27,0.38,"Aurobindo Unit III, India",Weight Captured Separately,Freight Included in Commodity Cost,0.45
36603,Vietnam,PMO - US,Direct Drop,EXW,Air,7-Jun-14,7-Jun-14,ARV,Adult,Aurobindo Pharma Limited,SKU0007,"Nevirapine 200mg, tablets, 60 Tabs",Generic,60,7400,16650,2.25,0.04,"Aurobindo Unit III, India",730,1338.19,17.12
36617,Vietnam,PMO - US,Direct Drop,EXW,Air,31-Mar-15,31-Mar-15,ARV,Adult,HETERO LABS LIMITED,SKU0058,"Abacavir 300mg, tablets, 60 Tabs",Generic,60,800,8960,11.2,0.19,Hetero Unit III Hyderabad IN,See ASN-30941 (ID#:32306),See ASN-30941 (ID#:32306),9.21
36641,Zimbabwe,PMO - US,Direct Drop,EXW,Air,14-May-15,14-May-15,HRDT,HIV test,"Orgenics, Ltd",SKU0002,"HIV 1/2, Determine Complete HIV Kit, 100 Tests",Determine,100,1500,120000,80,0.8,"Alere Medical Co., Ltd.",781,9914.59,141.24
36643,South Africa,PMO - US,Direct Drop,DDP,Air,20-Sep-10,13-Dec-10,ARV,Adult,Aurobindo Pharma Limited,SKU0014,"Zidovudine 300mg, tablets, 60 Tabs",Generic,60,8366,62159.38,7.43,0.12,"Aurobindo Unit III, India",458,1697.9,134.02
36654,Uganda,PMO - US,Direct Drop,DDP,Air,2-Jun-11,2-Jun-11,ARV,Adult,ASPEN PHARMACARE,SKU0115,"Etravirine 100mg [Intelence], tablets, 120 Tabs",Intelence,120,27,2361.42,87.46,0.73,"Janssen-Cilag, Latina, IT",5,41,3.9
36661,South Africa,PMO - US,Direct Drop,DDP,Truck,6-Feb-14,6-Feb-14,ARV,Pediatric,S. BUYS WHOLESALER,SKU0145,"Abacavir 20mg/ml, oral solution w/syringe, Bottle, 240 ml",Generic,240,210,5097.32,24.27,0.1,"Aurobindo Unit III, India",Weight Captured Separately,Freight Included in Commodity Cost,6.31
36679,South Africa,PMO - US,Direct Drop,DDP,Truck,29-Aug-14,29-Aug-14,ARV,Pediatric,S. BUYS WHOLESALER,SKU0130,"Lamivudine 10mg/ml, oral solution w/syringe, Bottle, 240 ml",Generic,240,28,220.91,7.89,0.03,"Aurobindo Unit III, India",Weight Captured Separately,Freight Included in Commodity Cost,0.27
36710,Malawi,PMO - US,Direct Drop,EXW,Air,3-May-13,3-May-13,HRDT,HIV test,"Trinity Biotech, Plc",SKU0009,"HIV 1/2, Uni-Gold HIV Kit, 20 Tests",Uni-Gold,20,94,3008,32,1.6,"Trinity Biotech, Plc",32,1136.31,3.72
36717,Côte d'Ivoire,PMO - US,Direct Drop,EXW,Air,3-Aug-10,3-Aug-10,HRDT,HIV test,"CHEMBIO DIAGNOSTIC SYSTEMS, INC.",SKU0016,"HIV 1/2, Stat-Pak HIV, Kit, 20 Tests",Stat-Pak,20,2483,67041,27,1.35,Chembio Diagnostics Sys. Inc.,706,6150.75,144.54
36758,Rwanda,PMO - US,Direct Drop,EXW,Air,30-Jan-13,30-Jan-13,ARV,Adult,HETERO LABS LIMITED,SKU0029,"Tenofovir Disoproxil Fumarate 300mg, tablets, 30 Tabs",Generic,30,672,2520,3.75,0.12,Hetero Unit III Hyderabad IN,55,1276.53,3.53
36773,South Africa,PMO - US,Direct Drop,DDP,Truck,13-Jan-14,13-Jan-14,ARV,Pediatric,S. BUYS WHOLESALER,SKU0066,"Efavirenz 200mg, capsule, 90 Caps",Generic,90,12,264.95,22.08,0.25,"Aurobindo Unit III, India",Weight Captured Separately,Freight Included in Commodity Cost,0.27
36784,South Africa,PMO - US,Direct Drop,DDP,Truck,6-Feb-14,6-Feb-14,ARV,Pediatric,S. BUYS WHOLESALER,SKU0066,"Efavirenz 200mg, capsule, 90 Caps",Generic,90,168,3709.29,22.08,0.25,"Aurobindo Unit III, India",Weight Captured Separately,Freight Included in Commodity Cost,4.59
36785,Nigeria,PMO - US,Direct Drop,EXW,Air,2-Sep-15,2-Sep-15,ARV,Pediatric,CIPLA LIMITED,SKU0157,"Abacavir/Lamivudine 60/30mg, dispersible tablets, 60 Tabs",Generic,60,6424,32120,5,0.08,"Cipla, Patalganga, India",Weight Captured Separately,Invoiced Separately,37.81
36810,Kenya,PMO - US,Direct Drop,EXW,Air,17-Jan-12,17-Jan-12,HRDT,HIV test,"Orgenics, Ltd",SKU0002,"HIV 1/2, Determine Complete HIV Kit, 100 Tests",Determine,100,6959,619351,89,0.89,"Alere Medical Co., Ltd.",1198,13543.63,1021.93
36816,Haiti,PMO - US,Direct Drop,EXW,Air,16-Aug-12,16-Aug-12,ARV,Adult,Aurobindo Pharma Limited,SKU0004,"Stavudine 30mg, capsules, 60 Caps",Generic,60,90,126,1.4,0.02,"Aurobindo Unit III, India",6,941.74,0.18
36842,Nigeria,PMO - US,Direct Drop,EXW,Air,23-Dec-13,12-Dec-13,HRDT,HIV test,"Orgenics, Ltd",SKU0002,"HIV 1/2, Determine Complete HIV Kit, 100 Tests",Determine,100,9308,828412,89,0.89,"Alere Medical Co., Ltd.",3778,59767.71,1024.75
36868,Mozambique,PMO - US,Direct Drop,CIP,Air,22-Apr-10,22-Apr-10,ARV,Adult,INTERNATIONAL HEALTHCARE DISTRIBUTORS,SKU0056,"Ritonavir 100mg [Norvir], capsules, cool, 84 Caps",Norvir,84,620,6417,10.35,0.12,ABBVIE (Abbott) Logis. UK,Weight Captured Separately,Freight Included in Commodity Cost,13.84
36871,Vietnam,PMO - US,Direct Drop,EXW,Air,30-Jan-13,30-Jan-13,ARV,Pediatric,MICRO LABS LIMITED,SKU0066,"Efavirenz 200mg, capsule, 90 Caps",Generic,90,702,3102.84,4.42,0.05,"Micro labs, Verna, Goa, India",See ASN-17696 (ID#:31712),See ASN-17696 (ID#:31712),4.35
36880,South Africa,PMO - US,Direct Drop,DDP,Truck,27-Aug-14,27-Aug-14,ARV,Adult,S. BUYS WHOLESALER,SKU0058,"Abacavir 300mg, tablets, 60 Tabs",Generic,60,45,3471.61,77.15,1.29,"Aurobindo Unit III, India",Weight Captured Separately,Freight Included in Commodity Cost,4.29
36890,South Africa,PMO - US,Direct Drop,DDP,Truck,29-Dec-09,29-Dec-09,ARV,Adult,S. BUYS WHOLESALER,SKU0021,"Tenofovir Disoproxil Fumarate 300mg [Viread], tablets, 30 Tabs",Viread,30,500,14105.11,28.21,0.94,"Aspen-OSD, Port Elizabeth, SA",Weight Captured Separately,Freight Included in Commodity Cost,30.41
36892,South Africa,PMO - US,Direct Drop,DDP,Truck,6-Feb-14,6-Feb-14,ARV,Adult,S. BUYS WHOLESALER,SKU0061,"Lamivudine 150mg [Epivir], tablets, 60 Tabs",Epivir,60,3519,38242.38,10.87,0.18,GSK Cape Town Factory (South Africa),Weight Captured Separately,Freight Included in Commodity Cost,47.31
36913,Guyana,PMO - US,Direct Drop,EXW,Air,27-Jul-10,27-Jul-10,HRDT,HIV test,"Trinity Biotech, Plc",SKU0009,"HIV 1/2, Uni-Gold HIV Kit, 20 Tests",Uni-Gold,20,1470,47040,32,1.6,"Trinity Biotech, Plc",500,5255.14,101.42
37868,Vietnam,PMO - US,Direct Drop,EXW,Air,13-Apr-12,13-Apr-12,ARV,Adult,STRIDES ARCOLAB LIMITED,SKU0026,"Efavirenz 600mg, tablets, 30 Tabs",Generic,30,21146,86698.6,4.1,0.14,"Strides, Bangalore, India.",1301,5664.49,143.05
36922,South Africa,PMO - US,Direct Drop,DDP,Truck,29-Aug-14,29-Aug-14,ARV,Adult,S. BUYS WHOLESALER,SKU0008,"Lopinavir/Ritonavir 200/50mg [Aluvia], tablets, 120 Tabs",Aluvia,120,87,2241.1,25.76,0.21,ABBVIE Ludwigshafen Germany,Weight Captured Separately,Freight Included in Commodity Cost,2.77
36936,Kenya,PMO - US,Direct Drop,EXW,Air,10-Feb-11,10-Feb-11,HRDT,HIV test,"Orgenics, Ltd",SKU0002,"HIV 1/2, Determine Complete HIV Kit, 100 Tests",Determine,100,8586,764154,89,0.89,Inverness Japan,1479,15519.77,1647.52
36969,Vietnam,PMO - US,Direct Drop,EXW,Air,22-Mar-10,22-Mar-10,ARV,Adult,MYLAN LABORATORIES LTD (FORMERLY MATRIX LABORATORIES),SKU0014,"Zidovudine 300mg, tablets, 60 Tabs",Generic,60,1680,12600,7.5,0.12,Mylan (formerly Matrix) Nashik,389,9674.88,24.7
36978,Vietnam,PMO - US,Direct Drop,EXW,Air,4-Feb-13,4-Feb-13,ARV,Pediatric,MICRO LABS LIMITED,SKU0049,"Efavirenz 50mg, capsule, 30 Caps",Generic,30,1240,2504.8,2.02,0.07,"Micro labs, Verna, Goa, India",71,990.04,3.51
37031,Vietnam,PMO - US,Direct Drop,EXW,Air,10-Dec-12,10-Dec-12,ARV,Pediatric,Aurobindo Pharma Limited,SKU0130,"Lamivudine 10mg/ml, oral solution w/syringe, Bottle, 240 ml",Generic,240,370,684.5,1.85,0.01,"Aurobindo Unit III, India",2998,4531.29,0.96
37037,Zimbabwe,PMO - US,Direct Drop,EXW,Air Charter,17-Sep-14,17-Sep-14,ARV,Adult,HETERO LABS LIMITED,SKU0107,"Lamivudine/Tenofovir Disoproxil Fumarate 300/300mg, tablets, 30 Tabs",Generic,30,42336,195592.32,4.62,0.15,Hetero Unit III Hyderabad IN,4601,28788.73,201.07
37040,South Africa,PMO - US,Direct Drop,DDP,Truck,27-Oct-09,27-Oct-09,ARV,Adult,S. BUYS WHOLESALER,SKU0067,"Nevirapine 200mg [Viramune], tablets, 60 Tabs",Viramune,60,5000,101541.09,20.31,0.34,"Boehringer Ing., Koropi, GR",Weight Captured Separately,Freight Included in Commodity Cost,199.02
37052,South Africa,PMO - US,Direct Drop,DDP,Truck,27-Aug-14,27-Aug-14,ARV,Adult,S. BUYS WHOLESALER,SKU0069,"Didanosine 250mg, delayed-release capsules, 30 Caps",Generic,30,7,119.16,17.02,0.57,"Aurobindo Unit III, India",Weight Captured Separately,Freight Included in Commodity Cost,0.15
37068,South Africa,PMO - US,Direct Drop,DDP,Truck,9-Mar-15,9-Mar-15,ARV,Adult,PHARMACY DIRECT,SKU0029,"Tenofovir Disoproxil Fumarate 300mg, tablets, 30 Tabs",Generic,30,138,1906.7,13.82,0.46,Mylan (formerly Matrix) Nashik,Weight Captured Separately,Freight Included in Commodity Cost,1.96
37076,Zambia,PMO - US,Direct Drop,EXW,Air,18-Aug-15,18-Aug-15,ARV,Adult,HETERO LABS LIMITED,SKU0026,"Efavirenz 600mg, tablets, 30 Tabs",Generic,30,56352,183144,3.25,0.11,"Hetero, Jadcherla, unit 5, IN",Weight Captured Separately,Invoiced Separately,215.56
37087,South Africa,PMO - US,Direct Drop,DDP,Truck,2-Jun-15,2-Jun-15,ARV,Adult,PHARMACY DIRECT,SKU0029,"Tenofovir Disoproxil Fumarate 300mg, tablets, 30 Tabs",Generic,30,24,331.6,13.82,0.46,Mylan (formerly Matrix) Nashik,Weight Captured Separately,Freight Included in Commodity Cost,0.34
37089,Haiti,PMO - US,Direct Drop,EXW,Air,10-May-12,10-May-12,ANTM,Malaria,THE MEDICAL EXPORT GROUP BV,SKU0164,"Chloroquine 150mg base (as phosphate), tablets, 1000 Tabs",Generic,1000,11000,100540,9.14,0.01,"Micro Labs, Hosur, India",5051,37744.27,140.96
37140,Mozambique,PMO - US,Direct Drop,FCA,Air,24-May-11,24-May-11,ARV,Adult,Hoffmann-La Roche ltd Basel,SKU0027,"Saquinavir 200mg [Invirase], capsules, 270 Caps",Invirase,270,448,46377.58,103.52,0.38,Roche Basel,See ASN-10816 (ID#:28664),See ASN-10816 (ID#:28664),76.52
37152,Uganda,PMO - US,Direct Drop,EXW,Air,2-Feb-10,2-Feb-10,ARV,Pediatric,EMCURE PHARMACEUTICALS LTD,SKU0143,"Atazanavir 150mg, capsules, 60 Caps",Generic,60,240,6261.6,26.09,0.43,"Emcure Plot No.P-2, I.T-B.T. Park, Phase II, MIDC, Hinjwadi, Pune, India",25,915.09,12.27
37157,Mozambique,PMO - US,Direct Drop,EXW,Air,26-Oct-11,26-Oct-11,HRDT,HIV test,"Orgenics, Ltd",SKU0002,"HIV 1/2, Determine Complete HIV Kit, 100 Tests",Determine,100,120,9600,80,0.8,Inverness Japan,55,3267.66,15.84
37177,South Africa,PMO - US,Direct Drop,DDP,Ocean,2-Sep-11,2-Sep-11,ARV,Adult,Aurobindo Pharma Limited,SKU0014,"Zidovudine 300mg, tablets, 60 Tabs",Generic,60,66793,487588.9,7.3,0.12,"Aurobindo Unit III, India",3458,3787.72,804.52
39242,Kenya,PMO - US,Direct Drop,EXW,Air,29-Jul-10,29-Jul-10,HRDT,HIV test,"Orgenics, Ltd",SKU0002,"HIV 1/2, Determine Complete HIV Kit, 100 Tests",Determine,100,3,240,80,0.8,Inverness Japan,1411,13150.21,0.52
37251,Sudan,PMO - US,Direct Drop,EXW,Air,29-Apr-11,29-Apr-11,HRDT,HIV test - Ancillary,"Standard Diagnostics, Inc.",SKU0116,"HIV 1/2, Bioline 3.0 Diluent, 25 Tests, Bottle x 5 ml",Bioline,1,13,11.7,0.9,0.9,"Standard Diagnostics, Korea",1,137.5,0.02
37277,Haiti,PMO - US,Direct Drop,EXW,Air,3-Jun-14,3-Jun-14,ARV,Pediatric,Aurobindo Pharma Limited,SKU0145,"Abacavir 20mg/ml, oral solution w/syringe, Bottle, 240 ml",Generic,240,450,3073.5,6.83,0.03,"Aurobindo Unit III, India",180,1773.7,3.8
37324,Uganda,PMO - US,Direct Drop,EXW,Air,29-Aug-12,29-Aug-12,ARV,Adult,MYLAN LABORATORIES LTD (FORMERLY MATRIX LABORATORIES),SKU0113,"Efavirenz/Lamivudine/Tenofovir Disoproxil Fumarate 600/300/300mg, tablets, 30 Tabs",Generic,30,205042,2458453.58,11.99,0.4,Mylan (formerly Matrix) Nashik,24556,146850.66,3446.75
37334,South Africa,PMO - US,Direct Drop,DDP,Truck,19-Nov-14,19-Nov-14,ARV,Adult,S. BUYS WHOLESALER,SKU0027,"Saquinavir 200mg [Invirase], capsules, 270 Caps",Invirase,270,30,2542.45,84.75,0.31,Roche Madrid,Weight Captured Separately,Freight Included in Commodity Cost,3.15
37362,South Africa,PMO - US,Direct Drop,DDP,Truck,29-Aug-14,29-Aug-14,ARV,Adult,S. BUYS WHOLESALER,SKU0069,"Didanosine 250mg, delayed-release capsules, 30 Caps",Generic,30,8,134.55,16.82,0.56,"Aurobindo Unit III, India",Weight Captured Separately,Freight Included in Commodity Cost,0.17
37379,Haiti,PMO - US,Direct Drop,EXW,Air,25-Mar-14,25-Mar-14,ARV,Pediatric,CIPLA LIMITED,SKU0154,"Abacavir 60mg, dispersible tablets, 60 Tabs",Generic,60,741,3705,5,0.08,"Cipla, Patalganga, India",66,1572.92,4.58
37410,South Africa,PMO - US,Direct Drop,DDP,Truck,6-Feb-14,6-Feb-14,ARV,Adult,S. BUYS WHOLESALER,SKU0058,"Abacavir 300mg, tablets, 60 Tabs",Generic,60,97,6627.47,68.32,1.14,"Aurobindo Unit III, India",Weight Captured Separately,Freight Included in Commodity Cost,8.2
37416,South Africa,PMO - US,Direct Drop,DDP,Truck,29-Jan-15,29-Jan-15,ARV,Pediatric,PHARMACY DIRECT,SKU0042,"Lopinavir/Ritonavir 80/20mg/ml [Kaletra], oral solution, cool, Bottle 5 x 60 ml",Kaletra,300,2,31.89,15.94,0.05,ABBVIE (Abbott) Logis. UK,Weight Captured Separately,Freight Included in Commodity Cost,0.03
37417,Zambia,PMO - US,Direct Drop,EXW,Air,14-Dec-10,14-Dec-10,HRDT,HIV test,"Standard Diagnostics, Inc.",SKU0019,"HIV 1/2, Bioline 3.0 Kit, Lancets, Capillary pipets, Alcohol swabs included, 25 Tests",Bioline,25,120,2400,20,0.8,"Standard Diagnostics, Korea",40,771.88,5.17
37452,South Africa,PMO - US,Direct Drop,DDP,Truck,12-May-15,12-May-15,ARV,Pediatric,PHARMACY DIRECT,SKU0071,"Abacavir 20mg/ml, oral solution, Bottle, 240 ml",Generic,240,14,247.96,17.71,0.07,"Aurobindo Unit III, India",Weight Captured Separately,Freight Included in Commodity Cost,0.25
37470,"Congo, DRC",PMO - US,Direct Drop,EXW,Air,2-Jul-15,2-Jul-15,HRDT,HIV test,"Trinity Biotech, Plc",SKU0009,"HIV 1/2, Uni-Gold HIV Kit, 20 Tests",Uni-Gold,20,34,1088,32,1.6,"Trinity Biotech, Plc",See ASN-31750 (ID#:19272),See ASN-31750 (ID#:19272),1.28
37475,Vietnam,PMO - US,Direct Drop,EXW,Air,2-Feb-13,2-Feb-13,ARV,Pediatric,MYLAN LABORATORIES LTD (FORMERLY MATRIX LABORATORIES),SKU0131,"Lamivudine/Zidovudine 30/60mg, tablets, 60 Tabs",Generic,60,3434,7726.5,2.25,0.04,Mylan (formerly Matrix) Nashik,876,2183.92,10.83
37481,Rwanda,PMO - US,Direct Drop,EXW,Air,9-Sep-10,9-Sep-10,HRDT,HIV test,"Orgenics, Ltd",SKU0017,"HIV 1/2, Determine HIV Kit, without Lancets, 100 Tests",Determine,100,5000,388500,77.7,0.78,Inverness Japan,1136,49573.62,837.61
37487,South Africa,PMO - US,Direct Drop,DDP,Truck,29-Aug-14,29-Aug-14,ARV,Pediatric,S. BUYS WHOLESALER,SKU0045,"Lopinavir/Ritonavir 100/25mg [Aluvia], tablets, 60 Tabs",Generic,60,6,38.64,6.44,0.11,ABBVIE Ludwigshafen Germany,Weight Captured Separately,Freight Included in Commodity Cost,0.05
37489,South Africa,PMO - US,Direct Drop,DDP,Truck,30-Sep-09,30-Sep-09,ARV,Adult,S. BUYS WHOLESALER,SKU0026,"Efavirenz 600mg, tablets, 30 Tabs",Generic,30,2285,40375.94,17.67,0.59,"Cipla, Goa, India",Weight Captured Separately,Freight Included in Commodity Cost,79.14
37496,Mozambique,PMO - US,Direct Drop,EXW,Air,13-Jun-14,13-Jun-14,HRDT,HIV test,"Trinity Biotech, Plc",SKU0009,"HIV 1/2, Uni-Gold HIV Kit, 20 Tests",Uni-Gold,20,286,9152,32,1.6,"Trinity Biotech, Plc",88,1088.93,9.41
37506,Vietnam,PMO - US,Direct Drop,FCA,Air,22-Mar-10,22-Mar-10,ARV,Adult,ABBVIE LOGISTICS (FORMERLY ABBOTT LOGISTICS BV),SKU0008,"Lopinavir/Ritonavir 200/50mg [Aluvia], tablets, 120 Tabs",Aluvia,120,4165,342363,82.2,0.68,ABBVIE Ludwigshafen Germany,1010,5417.87,738.13
37519,South Africa,PMO - US,Direct Drop,DDP,Ocean,26-Apr-11,26-Apr-11,ARV,Adult,Aurobindo Pharma Limited,SKU0003,"Lamivudine 150mg, tablets, 60 Tabs",Generic,60,136403,323275.11,2.37,0.04,"Aurobindo Unit III, India",See ASN-9945 (ID#:28542),See ASN-9945 (ID#:28542),696.98
37526,Vietnam,PMO - US,Direct Drop,EXW,Air,4-Feb-13,4-Feb-13,ARV,Adult,MICRO LABS LIMITED,SKU0003,"Lamivudine 150mg, tablets, 60 Tabs",Generic,60,13570,24968.8,1.84,0.03,"Micro labs, Verna, Goa, India",568,1646.5,35.01
37531,South Africa,PMO - US,Direct Drop,DDP,Air,24-Aug-10,24-Aug-10,ARV,Pediatric,Aurobindo Pharma Limited,SKU0130,"Lamivudine 10mg/ml, oral solution w/syringe, Bottle, 240 ml",Generic,240,3184,9552,3,0.01,"Aurobindo Unit III, India",1205,3283.62,20.59
37578,Côte d'Ivoire,PMO - US,Direct Drop,EXW,Air,24-Nov-10,24-Nov-10,HRDT,HIV test,"CHEMBIO DIAGNOSTIC SYSTEMS, INC.",SKU0016,"HIV 1/2, Stat-Pak HIV, Kit, 20 Tests",Stat-Pak,20,2825,76275,27,1.35,Chembio Diagnostics Sys. Inc.,1038,3360.75,164.45
37612,Zimbabwe,PMO - US,Direct Drop,EXW,Ocean,10-Sep-14,10-Sep-14,ARV,Pediatric,ABBVIE LOGISTICS (FORMERLY ABBOTT LOGISTICS BV),SKU0045,"Lopinavir/Ritonavir 100/25mg [Aluvia], tablets, 60 Tabs",Generic,60,41840,248529.6,5.94,0.1,ABBVIE Ludwigshafen Germany,4528,25189.51,255.49
37624,"Congo, DRC",PMO - US,Direct Drop,EXW,Air,23-Jul-15,23-Jul-15,HRDT,HIV test,"Orgenics, Ltd",SKU0002,"HIV 1/2, Determine Complete HIV Kit, 100 Tests",Determine,100,776,62080,80,0.8,"Alere Medical Co., Ltd.",See ASN-32231 (ID#:13648),See ASN-32231 (ID#:13648),73.07
37650,Zimbabwe,PMO - US,Direct Drop,FCA,Air,12-Jul-11,12-Jul-11,ARV,Pediatric,ABBVIE LOGISTICS (FORMERLY ABBOTT LOGISTICS BV),SKU0042,"Lopinavir/Ritonavir 80/20mg/ml [Kaletra], oral solution, cool, Bottle 5 x 60 ml",Kaletra,300,1083,39161.28,36.16,0.12,ABBVIE (Abbott) Logis. UK,1257,22837.98,84.43
37664,Nigeria,PMO - US,Direct Drop,EXW,Air,9-Jan-13,10-Jan-13,HRDT,HIV test,"Orgenics, Ltd",SKU0002,"HIV 1/2, Determine Complete HIV Kit, 100 Tests",Determine,100,2744,244216,89,0.89,"Alere Medical Co., Ltd.",1186,24927.19,342.39
37720,South Africa,PMO - US,Direct Drop,DDP,Truck,29-Aug-14,29-Aug-14,ARV,Adult,S. BUYS WHOLESALER,SKU0007,"Nevirapine 200mg, tablets, 60 Tabs",Generic,60,121,2368.94,19.58,0.33,"Aurobindo Unit III, India",Weight Captured Separately,Freight Included in Commodity Cost,2.93
37752,"Congo, DRC",PMO - US,Direct Drop,EXW,Air,2-Jul-15,2-Jul-15,HRDT,HIV test,"Trinity Biotech, Plc",SKU0009,"HIV 1/2, Uni-Gold HIV Kit, 20 Tests",Uni-Gold,20,65,2080,32,1.6,"Trinity Biotech, Plc",See ASN-31750 (ID#:19272),See ASN-31750 (ID#:19272),2.45
37753,Vietnam,PMO - US,Direct Drop,EXW,Air,5-Jun-13,5-Jun-13,ARV,Adult,HETERO LABS LIMITED,SKU0007,"Nevirapine 200mg, tablets, 60 Tabs",Generic,60,23003,50836.63,2.21,0.04,Hetero Unit III Hyderabad IN,1483,11346.48,62.88
37775,South Africa,PMO - US,Direct Drop,DDP,Truck,27-Jan-10,27-Jan-10,ARV,Adult,S. BUYS WHOLESALER,SKU0004,"Stavudine 30mg, capsules, 60 Caps",Generic,60,8000,36968.24,4.62,0.08,"Aurobindo Unit III, India",Weight Captured Separately,Freight Included in Commodity Cost,72.46
37820,South Africa,PMO - US,Direct Drop,DDP,Truck,28-Apr-15,28-Apr-15,ARV,Adult,PHARMACY DIRECT,SKU0029,"Tenofovir Disoproxil Fumarate 300mg, tablets, 30 Tabs",Generic,30,60,1147.25,19.12,0.64,Mylan (formerly Matrix) Nashik,Weight Captured Separately,Freight Included in Commodity Cost,1.18
37829,Vietnam,PMO - US,Direct Drop,FCA,Air,8-Jan-14,8-Jan-14,ARV,Adult,ABBVIE LOGISTICS (FORMERLY ABBOTT LOGISTICS BV),SKU0008,"Lopinavir/Ritonavir 200/50mg [Aluvia], tablets, 120 Tabs",Aluvia,120,7067,429814.94,60.82,0.51,ABBVIE Ludwigshafen Germany,See ASN-23182 (ID#:16967),See ASN-23182 (ID#:16967),531.68
37835,Rwanda,PMO - US,Direct Drop,EXW,Air,20-Sep-13,20-Sep-13,HRDT,HIV test,"SHANGHAI KEHUA BIOENGINEERING CO.,LTD.  (KHB)",SKU0063,"HIV 1/2, SKB Colloidal Gold, Diagnostic Kit, Antibody, 50 Tests",Colloidal Gold,1,28000,686000,24.5,24.5,"KHB Test Kit Facility, Shanghai China",18667,289653.2,848.58
39495,Côte d'Ivoire,PMO - US,Direct Drop,FCA,Air,10-Jun-11,10-Jun-11,ARV,Adult,Hoffmann-La Roche ltd Basel,SKU0141,"Saquinavir 500mg [Invirase], tablets, 120 Tabs",Invirase,120,1464,154437.73,105.49,0.88,Roche Madrid,255,4204.67,254.82
37872,Vietnam,PMO - US,Direct Drop,EXW,Air,12-Dec-13,12-Dec-13,ARV,Adult,CIPLA LIMITED,SKU0054,"Lamivudine/Nevirapine/Zidovudine 150/200/300mg, tablets, 60 Tabs",Generic,60,10762,87172.2,8.1,0.13,"Cipla, Goa, India",1485,2702.63,107.83
37887,South Africa,PMO - US,Direct Drop,DDP,Air,19-Jul-10,13-Oct-10,ARV,Adult,CIPLA LIMITED,SKU0029,"Tenofovir Disoproxil Fumarate 300mg, tablets, 30 Tabs",Generic,30,63785,498798.7,7.82,0.26,"Cipla, Goa, India",4141,5404.34,1075.41
37924,Tanzania,PMO - US,Direct Drop,EXW,Air,15-Jul-14,15-Jul-14,HRDT,HIV test,"Trinity Biotech, Plc",SKU0009,"HIV 1/2, Uni-Gold HIV Kit, 20 Tests",Uni-Gold,20,369,11808,32,1.6,"Trinity Biotech, Plc",113,1661.01,12.14
37925,South Africa,PMO - US,Direct Drop,DDP,Air,24-Aug-10,4-Aug-10,ARV,Adult,Aurobindo Pharma Limited,SKU0026,"Efavirenz 600mg, tablets, 30 Tabs",Generic,30,25190,117637.3,4.67,0.16,"Aurobindo Unit III, India",2131,5886.9,253.63
37960,Zimbabwe,PMO - US,Direct Drop,FCA,Air,13-Dec-12,13-Dec-12,ARV,Pediatric,ABBVIE LOGISTICS (FORMERLY ABBOTT LOGISTICS BV),SKU0042,"Lopinavir/Ritonavir 80/20mg/ml [Kaletra], oral solution, cool, Bottle 5 x 60 ml",Kaletra,300,1500,46230,30.82,0.1,ABBVIE (Abbott) Logis. UK,1374,21730.49,64.81
37963,Vietnam,PMO - US,Direct Drop,EXW,Air,22-Jun-11,22-Jun-11,ARV,Adult,MYLAN LABORATORIES LTD (FORMERLY MATRIX LABORATORIES),SKU0007,"Nevirapine 200mg, tablets, 60 Tabs",Generic,60,1556,4045.6,2.6,0.04,Mylan (formerly Matrix) Nashik,2113,10784.69,6.68
37979,Zimbabwe,PMO - US,Direct Drop,FCA,Air,8-Nov-12,8-Nov-12,ARV,Pediatric,ABBVIE LOGISTICS (FORMERLY ABBOTT LOGISTICS BV),SKU0042,"Lopinavir/Ritonavir 80/20mg/ml [Kaletra], oral solution, cool, Bottle 5 x 60 ml",Kaletra,300,1500,46230,30.82,0.1,ABBVIE (Abbott) Logis. UK,1374,15593.13,64.81
37987,South Africa,PMO - US,Direct Drop,DDP,Ocean,12-Jan-11,12-Jan-11,ARV,Adult,Aurobindo Pharma Limited,SKU0029,"Tenofovir Disoproxil Fumarate 300mg, tablets, 30 Tabs",Generic,30,3619,25007.29,6.91,0.23,"Aurobindo Unit III, India",338,6147.09,53.92
37994,Mali,PMO - US,Direct Drop,EXW,Air,4-Apr-15,4-Apr-15,HRDT,HIV test,"Orgenics, Ltd",SKU0002,"HIV 1/2, Determine Complete HIV Kit, 100 Tests",Determine,100,434,34720,80,0.8,"Alere Medical Co., Ltd.",169,4498.98,35.69
37997,Côte d'Ivoire,PMO - US,Direct Drop,FCA,Air,15-Mar-11,15-Mar-11,ARV,Adult,ABBVIE LOGISTICS (FORMERLY ABBOTT LOGISTICS BV),SKU0008,"Lopinavir/Ritonavir 200/50mg [Aluvia], tablets, 120 Tabs",Aluvia,120,20280,733324.8,36.16,0.3,ABBVIE Ludwigshafen Germany,5089,31318.31,1209.99
38021,South Africa,PMO - US,Direct Drop,DDP,Truck,24-Jul-15,24-Jul-15,ARV,Adult,PHARMACY DIRECT,SKU0058,"Abacavir 300mg, tablets, 60 Tabs",Generic,60,33,1645.14,49.85,0.83,"Aurobindo Unit III, India",Weight Captured Separately,Freight Included in Commodity Cost,1.69
38045,Haiti,PMO - US,Direct Drop,EXW,Air,5-Jan-15,5-Jan-15,ARV,Pediatric,Aurobindo Pharma Limited,SKU0120,"Nevirapine 50mg, dispersible tablets (tablets for oral suspension), 30 Tabs",Generic,30,2118,2647.5,1.25,0.04,"Aurobindo Unit III, India",134,1987.82,2.72
38095,South Africa,PMO - US,Direct Drop,DDP,Truck,25-Jun-14,25-Jun-14,ARV,Adult,PHARMACY DIRECT,SKU0069,"Didanosine 250mg, delayed-release capsules, 30 Caps",Generic,30,5,76.23,15.25,0.51,"Aurobindo Unit III, India",Weight Captured Separately,Freight Included in Commodity Cost,0.08
38099,Haiti,PMO - US,Direct Drop,EXW,Ocean,30-Oct-14,30-Oct-14,ARV,Adult,HETERO LABS LIMITED,SKU0107,"Lamivudine/Tenofovir Disoproxil Fumarate 300/300mg, tablets, 30 Tabs",Generic,30,33936,156784.32,4.62,0.15,Hetero Unit III Hyderabad IN,14925,22100.46,161.17
38111,Uganda,PMO - US,Direct Drop,EXW,Air,20-Jun-15,20-Jun-15,ARV,Adult,MYLAN LABORATORIES LTD (FORMERLY MATRIX LABORATORIES),SKU0119,"Atazanavir/Ritonavir 300/100mg, tablets, 30 Tabs",Generic,30,12370,241215,19.5,0.65,Mylan (formerly Matrix) Nashik,1652,7172.9,283.91
38120,Rwanda,PMO - US,Direct Drop,EXW,Air,29-Jun-12,29-Jun-12,ARV,Adult,Aurobindo Pharma Limited,SKU0007,"Nevirapine 200mg, tablets, 60 Tabs",Generic,60,22500,52875,2.35,0.04,"Aurobindo Unit III, India",2145,17858.68,74.13
38157,Mozambique,PMO - US,Direct Drop,EXW,Air,2-May-12,2-May-12,HRDT,HIV test,"Orgenics, Ltd",SKU0002,"HIV 1/2, Determine Complete HIV Kit, 100 Tests",Determine,100,1133,90640,80,0.8,"Alere Medical Co., Ltd.",539,10925.46,149.56
38183,Côte d'Ivoire,PMO - US,Direct Drop,EXW,Air,31-Jan-14,31-Jan-14,HRDT,HIV test,"Standard Diagnostics, Inc.",SKU0019,"HIV 1/2, Bioline 3.0 Kit, Lancets, Capillary pipets, Alcohol swabs included, 25 Tests",Bioline,25,2400,49200,20.5,0.82,"Standard Diagnostics, Korea",831,9254.06,60.86
38192,Nigeria,PMO - US,Direct Drop,EXW,Air,9-Jan-13,8-Jan-13,HRDT,HIV test,"Orgenics, Ltd",SKU0002,"HIV 1/2, Determine Complete HIV Kit, 100 Tests",Determine,100,2744,244216,89,0.89,"Alere Medical Co., Ltd.",1186,24927.19,342.39
38237,Zimbabwe,PMO - US,Direct Drop,EXW,Air,23-Jul-12,23-Jul-12,HRDT,HIV test,"Orgenics, Ltd",SKU0002,"HIV 1/2, Determine Complete HIV Kit, 100 Tests",Determine,100,4309,344720,80,0.8,Inverness Japan,2124,40520.83,568.79
38243,South Africa,PMO - US,Direct Drop,DDP,Truck,5-Nov-14,5-Nov-14,ARV,Adult,PHARMACY DIRECT,SKU0134,"Didanosine 400mg, delayed-release capsules, 30 Caps",Generic,30,7,137.73,19.68,0.66,"Aurobindo Unit III, India",Weight Captured Separately,Freight Included in Commodity Cost,0.14
38247,Guyana,PMO - US,Direct Drop,EXW,Air,1-Jul-13,1-Jul-13,ARV,Pediatric,Aurobindo Pharma Limited,SKU0065,"Zidovudine 100mg, capsules, 100 Caps",Generic,100,118,542.8,4.6,0.05,"Aurobindo Unit III, India",16,693.16,0.67
38253,Vietnam,PMO - US,Direct Drop,EXW,Air,27-Jul-11,27-Jul-11,ARV,Adult,MYLAN LABORATORIES LTD (FORMERLY MATRIX LABORATORIES),SKU0029,"Tenofovir Disoproxil Fumarate 300mg, tablets, 30 Tabs",Generic,30,8388,54522,6.5,0.22,Mylan (formerly Matrix) Nashik,544,9141.18,89.96
38266,"Congo, DRC",PMO - US,Direct Drop,EXW,Air,20-Sep-13,20-Sep-13,HRDT,HIV test,"Orgenics, Ltd",SKU0002,"HIV 1/2, Determine Complete HIV Kit, 100 Tests",Determine,100,2917,233360,80,0.8,"Alere Medical Co., Ltd.",1361,24410.67,288.67
38273,South Africa,PMO - US,Direct Drop,DDP,Ocean,12-Jan-12,27-Jan-12,ARV,Adult,CIPLA LIMITED,SKU0007,"Nevirapine 200mg, tablets, 60 Tabs",Generic,60,96770,263214.4,2.72,0.05,"Cipla, Goa, India",10536,4957.81,434.3
38293,South Africa,PMO - US,Direct Drop,DDP,Truck,6-Feb-14,6-Feb-14,ARV,Pediatric,S. BUYS WHOLESALER,SKU0130,"Lamivudine 10mg/ml, oral solution w/syringe, Bottle, 240 ml",Generic,240,78,522.23,6.7,0.03,"Aurobindo Unit III, India",Weight Captured Separately,Freight Included in Commodity Cost,0.65
38294,Haiti,PMO - US,Direct Drop,EXW,Ocean,9-May-14,9-May-14,ARV,Adult,CIPLA LIMITED,SKU0107,"Lamivudine/Tenofovir Disoproxil Fumarate 300/300mg, tablets, 30 Tabs",Generic,30,4176,19209.6,4.6,0.15,"Cipla, Kurkumbh, India",426,2251.94,23.76
38299,Vietnam,PMO - US,Direct Drop,EXW,Air,3-Apr-13,3-Apr-13,ARV,Adult,HETERO LABS LIMITED,SKU0014,"Zidovudine 300mg, tablets, 60 Tabs",Generic,60,418,2403.5,5.75,0.1,Hetero Unit III Hyderabad IN,1089,2006.63,2.97
38308,Haiti,PMO - US,Direct Drop,EXW,Air,2-Jul-15,2-Jul-15,ARV,Pediatric,Aurobindo Pharma Limited,SKU0120,"Nevirapine 50mg, dispersible tablets (tablets for oral suspension), 30 Tabs",Generic,30,2303,2878.75,1.25,0.04,"Aurobindo Unit III, India",143,2251.42,3.39
38312,Uganda,PMO - US,Direct Drop,FCA,Air,10-Mar-10,10-Mar-10,ARV,Adult,ABBVIE LOGISTICS (FORMERLY ABBOTT LOGISTICS BV),SKU0052,"Ritonavir 100mg [Norvir], capsules, cool, 4 x 84 Caps",Norvir,336,21,805.56,38.36,0.11,ABBVIE (Abbott) Logis. UK,58,776.62,1.58
38318,Uganda,PMO - US,Direct Drop,CIP,Air,11-Apr-13,11-Apr-13,ARV,Adult,MERCK SHARP & DOHME IDEA GMBH (FORMALLY MERCK SHARP & DOHME B.V.),SKU0129,"Raltegravir 400mg [Isentress], tablets, 60 Tabs",Isentress,60,786,43623,55.5,0.92,"MSD, Haarlem, NL",79,2158.88,53.96
38368,South Africa,PMO - US,Direct Drop,DDP,Air,9-Jun-10,7-Jul-10,ARV,Adult,Aurobindo Pharma Limited,SKU0007,"Nevirapine 200mg, tablets, 60 Tabs",Generic,60,38400,112128,2.92,0.05,"Aurobindo Unit III, India",4528,6369.79,241.75
38396,Cameroon,PMO - US,Direct Drop,EXW,Air,18-Oct-13,18-Oct-13,ARV,Adult,Aurobindo Pharma Limited,SKU0007,"Nevirapine 200mg, tablets, 60 Tabs",Generic,60,38976,87696,2.25,0.04,"Aurobindo Unit III, India",4117,35943.58,108.48
38409,Tanzania,PMO - US,Direct Drop,EXW,Air,26-Apr-11,26-Apr-11,HRDT,HIV test,"Trinity Biotech, Plc",SKU0009,"HIV 1/2, Uni-Gold HIV Kit, 20 Tests",Uni-Gold,20,625,20000,32,1.6,"Trinity Biotech, Plc",200,2918.12,33
38417,Nigeria,PMO - US,Direct Drop,EXW,Air,19-Aug-14,27-Aug-14,HRDT,HIV test,"Orgenics, Ltd",SKU0002,"HIV 1/2, Determine Complete HIV Kit, 100 Tests",Determine,100,5884,523676,89,0.89,"Alere Medical Co., Ltd.",3435,34730.62,538.34
38418,South Africa,PMO - US,Direct Drop,DDP,Truck,12-May-15,12-May-15,ARV,Adult,PHARMACY DIRECT,SKU0003,"Lamivudine 150mg, tablets, 60 Tabs",Generic,60,56,369.98,6.61,0.11,"Aurobindo Unit III, India",Weight Captured Separately,Freight Included in Commodity Cost,0.38
38431,Dominican Republic,PMO - US,Direct Drop,EXW,Air,24-Apr-14,24-Apr-14,HRDT,HIV test,"Orgenics, Ltd",SKU0002,"HIV 1/2, Determine Complete HIV Kit, 100 Tests",Determine,100,2400,230400,96,0.96,"Alere Medical Co., Ltd.",978,10159.15,236.85
38480,Vietnam,PMO - US,Direct Drop,EXW,Air,21-Jun-13,21-Jun-13,ARV,Adult,MICRO LABS LIMITED,SKU0026,"Efavirenz 600mg, tablets, 30 Tabs",Generic,30,7882,25458.86,3.23,0.11,"Micro labs, Verna, Goa, India",472,6969.97,31.49
38504,Sudan,PMO - US,Direct Drop,EXW,Air,7-Feb-12,7-Feb-12,HRDT,HIV test,"Trinity Biotech, Plc",SKU0009,"HIV 1/2, Uni-Gold HIV Kit, 20 Tests",Uni-Gold,20,10,320,32,1.6,"Trinity Biotech, Plc",4,593.8,0.53
38507,South Africa,South Africa Field Office,Direct Drop,DDP,Truck,16-Apr-13,16-Apr-13,ARV,Adult,S. BUYS WHOLESALER,SKU0051,"Zidovudine 300mg [Retrovir], tablets, 60 Tabs",Retrovir,60,13,242.73,18.67,0.31,GSK Aranda,Weight Captured Separately,Freight Included in Commodity Cost,0.3
38510,Haiti,PMO - US,Direct Drop,EXW,Ocean,13-Aug-15,13-Aug-15,ARV,Adult,HETERO LABS LIMITED,SKU0054,"Lamivudine/Nevirapine/Zidovudine 150/200/300mg, tablets, 60 Tabs",Generic,60,55536,449841.6,8.1,0.13,"Hetero, Jadcherla, unit 5, IN",Weight Captured Separately,Invoiced Separately,529.46
38538,Vietnam,PMO - US,Direct Drop,EXW,Air,13-Mar-13,13-Mar-13,ARV,Adult,MYLAN LABORATORIES LTD (FORMERLY MATRIX LABORATORIES),SKU0113,"Efavirenz/Lamivudine/Tenofovir Disoproxil Fumarate 600/300/300mg, tablets, 30 Tabs",Generic,30,16611,190860.39,11.49,0.38,Mylan (formerly Matrix) Nashik,See ASN-18406 (ID#:14871),See ASN-18406 (ID#:14871),236.09
38567,South Sudan,PMO - US,Direct Drop,EXW,Air,13-Dec-12,13-Dec-12,HRDT,HIV test,"Orgenics, Ltd",SKU0002,"HIV 1/2, Determine Complete HIV Kit, 100 Tests",Determine,100,624,55536,89,0.89,"Alere Medical Co., Ltd.",See ASN-16852 (ID#:25990),See ASN-16852 (ID#:25990),77.86
38571,Vietnam,PMO - US,Direct Drop,FCA,Air,13-Aug-15,13-Aug-15,ARV,Adult,ABBVIE LOGISTICS (FORMERLY ABBOTT LOGISTICS BV),SKU0118,"Ritonavir 100mg [Norvir], film coated tablets, 30 Tabs",Norvir,30,100,2326,23.26,0.78,ABBVIE Ludwigshafen Germany,Weight Captured Separately,Invoiced Separately,2.74
38573,South Africa,PMO - US,Direct Drop,DDP,Truck,11-Jun-10,11-Jun-10,ARV,Adult,S. BUYS WHOLESALER,SKU0056,"Ritonavir 100mg [Norvir], capsules, cool, 84 Caps",Norvir,84,30,330.11,11,0.13,ABBVIE (Abbott) Logis. UK,Weight Captured Separately,Freight Included in Commodity Cost,0.71
38590,Rwanda,PMO - US,Direct Drop,CIP,Air,13-Jul-10,13-Jul-10,ARV,Adult,Aurobindo Pharma Limited,SKU0069,"Didanosine 250mg, delayed-release capsules, 30 Caps",Generic,30,599,7966.7,13.3,0.44,"Aurobindo Unit III, India",41,717,17.18
38596,Zambia,PMO - US,Direct Drop,EXW,Air,3-May-10,3-May-10,HRDT,HIV test,"Orgenics, Ltd",SKU0002,"HIV 1/2, Determine Complete HIV Kit, 100 Tests",Determine,100,2807,202104,72,0.72,Inverness Japan,1360,20067.34,435.74
38600,South Africa,PMO - US,Direct Drop,DDP,Truck,29-Aug-14,29-Aug-14,ARV,Adult,S. BUYS WHOLESALER,SKU0058,"Abacavir 300mg, tablets, 60 Tabs",Generic,60,118,8980.79,76.11,1.27,"Aurobindo Unit III, India",Weight Captured Separately,Freight Included in Commodity Cost,11.11
38611,Namibia,PMO - US,Direct Drop,EXW,Air,19-Nov-14,19-Nov-14,ARV,Adult,HETERO LABS LIMITED,SKU0054,"Lamivudine/Nevirapine/Zidovudine 150/200/300mg, tablets, 60 Tabs",Generic,60,33696,279339.84,8.29,0.14,"Hetero, Jadcherla, unit 5, IN",4262,27262.44,287.16
38613,South Sudan,PMO - US,Direct Drop,EXW,Air,29-Sep-14,29-Sep-14,HRDT,HIV test,"Trinity Biotech, Plc",SKU0009,"HIV 1/2, Uni-Gold HIV Kit, 20 Tests",Uni-Gold,20,35,1120,32,1.6,"Trinity Biotech, Plc",See ASN-27241 (ID#:23488),See ASN-27241 (ID#:23488),1.15
38619,Haiti,PMO - US,Direct Drop,EXW,Air,27-Mar-15,27-Mar-15,ARV,Adult,MYLAN LABORATORIES LTD (FORMERLY MATRIX LABORATORIES),SKU0054,"Lamivudine/Nevirapine/Zidovudine 150/200/300mg, tablets, 60 Tabs",Generic,60,24992,202435.2,8.1,0.13,Mylan (formerly Matrix) Nashik,3458,19839.26,208.1
38632,Haiti,PMO - US,Direct Drop,EXW,Ocean,9-Jan-15,9-Jan-15,ARV,Adult,MICRO LABS LIMITED,SKU0003,"Lamivudine 150mg, tablets, 60 Tabs",Generic,60,960,1651.2,1.72,0.03,"Micro labs, Verna, Goa, India",8385,12336.45,1.7
38662,Malawi,PMO - US,Direct Drop,EXW,Air,4-Jul-12,4-Jul-12,HRDT,HIV test,"Orgenics, Ltd",SKU0002,"HIV 1/2, Determine Complete HIV Kit, 100 Tests",Determine,100,246,19680,80,0.8,"Alere Medical Co., Ltd.",114,3278.11,27.59
38759,South Africa,PMO - US,Direct Drop,DDP,Ocean,24-Sep-11,24-Sep-11,ARV,Pediatric,GLAXOSMITHKLINE EXPORT LIMITED,SKU0087,"Abacavir 20mg/ml [Ziagen], oral solution, Bottle, 240 ml",Ziagen,240,20000,185600,9.28,0.04,GSK Mississauga (Canada),7683,7073.56,306.24
38762,Nigeria,PMO - US,Direct Drop,EXW,Air,18-Apr-11,18-Apr-11,ARV,Pediatric,Aurobindo Pharma Limited,SKU0126,"Nevirapine 10mg/ml, oral suspension w/syringe, Bottle, 240 ml",Generic,240,4000,7800,1.95,0.01,"Aurobindo Unit III, India",1573,9316.91,12.87
38793,Zimbabwe,PMO - US,Direct Drop,EXW,Air,19-Oct-11,19-Oct-11,HRDT,HIV test,"Orgenics, Ltd",SKU0002,"HIV 1/2, Determine Complete HIV Kit, 100 Tests",Determine,100,2856,228480,80,0.8,Inverness Japan,1102,26846.59,376.99
38796,Mozambique,PMO - US,Direct Drop,EXW,Air,20-Mar-13,20-Mar-13,HRDT,HIV test,"Orgenics, Ltd",SKU0002,"HIV 1/2, Determine Complete HIV Kit, 100 Tests",Determine,100,2938,235040,80,0.8,"Alere Medical Co., Ltd.",1329,13394.09,290.74
38827,Guyana,PMO - US,Direct Drop,EXW,Air,28-May-10,28-May-10,HRDT,HIV test,"CHEMBIO DIAGNOSTIC SYSTEMS, INC.",SKU0016,"HIV 1/2, Stat-Pak HIV, Kit, 20 Tests",Stat-Pak,20,5,135,27,1.35,Chembio Diagnostics Sys. Inc.,1,283.21,0.29
38831,Haiti,PMO - US,Direct Drop,EXW,Air,6-Jun-11,6-Jun-11,HRDT,HIV test,"SHANGHAI KEHUA BIOENGINEERING CO.,LTD.  (KHB)",SKU0063,"HIV 1/2, SKB Colloidal Gold, Diagnostic Kit, Antibody, 50 Tests",Colloidal Gold,1,260,5980,23,23,"KHB Test Kit Facility, Shanghai China",197,2708.04,9.87
38843,Cameroon,PMO - US,Direct Drop,EXW,Air,11-Aug-15,11-Aug-15,HRDT,HIV test,"Orgenics, Ltd",SKU0002,"HIV 1/2, Determine Complete HIV Kit, 100 Tests",Determine,100,120,9600,80,0.8,"Alere Medical Co., Ltd.",Weight Captured Separately,Invoiced Separately,11.3
38913,Nigeria,PMO - US,Direct Drop,EXW,Air,9-Jan-13,9-Jan-13,HRDT,HIV test,"Orgenics, Ltd",SKU0002,"HIV 1/2, Determine Complete HIV Kit, 100 Tests",Determine,100,792,70488,89,0.89,"Alere Medical Co., Ltd.",350,8363.61,98.82
38914,South Africa,PMO - US,Direct Drop,DDP,Truck,1-Apr-10,1-Apr-10,ARV,Adult,S. BUYS WHOLESALER,SKU0053,"Emtricitabine/Tenofovir Disoproxil Fumarate 200/300mg [Truvada], tablets, 30 Tabs",Truvada,30,240,11495.46,47.9,1.6,"Aspen-OSD, Port Elizabeth, SA",Weight Captured Separately,Freight Included in Commodity Cost,24.78
38949,South Africa,PMO - US,Direct Drop,DDP,Air,7-Mar-11,7-Mar-11,ARV,Pediatric,ASPEN PHARMACARE,SKU0087,"Abacavir 20mg/ml [Ziagen], oral solution, Bottle, 240 ml",Ziagen,240,40000,400800,10.02,0.04,GSK Mississauga (Canada),Weight Captured Separately,11770.87,864.12
38951,South Africa,PMO - US,Direct Drop,DDP,Truck,24-Aug-15,24-Aug-15,ARV,Adult,PHARMACY DIRECT,SKU0134,"Didanosine 400mg, delayed-release capsules, 30 Caps",Generic,30,9,137.45,15.27,0.51,"Aurobindo Unit III, India",Weight Captured Separately,Freight Included in Commodity Cost,0.14
38955,Nigeria,PMO - US,Direct Drop,EXW,Air,12-Jun-15,12-Jun-15,HRDT,HIV test,"Trinity Biotech, Plc",SKU0009,"HIV 1/2, Uni-Gold HIV Kit, 20 Tests",Uni-Gold,20,12485,399520,32,1.6,"Trinity Biotech, Plc",3655,25636.67,470.24
38992,South Sudan,PMO - US,Direct Drop,EXW,Air,3-Jun-15,3-Jun-15,HRDT,HIV test - Ancillary,"Orgenics, Ltd",SKU0136,"Chase Buffer, Determine, 100 Tests, 2.5ml x 1 Vial",Determine,1,100,500,5,5,"Alere Medical Co., Ltd.",Weight Captured Separately,Invoiced Separately,0.59
39014,Nigeria,PMO - US,Direct Drop,EXW,Air,25-May-11,25-May-11,HRDT,HIV test,"CHEMBIO DIAGNOSTIC SYSTEMS, INC.",SKU0016,"HIV 1/2, Stat-Pak HIV, Kit, 20 Tests",Stat-Pak,20,1052,30508,29,1.45,Chembio Diagnostics Sys. Inc.,334,2335.9,50.34
39017,South Africa,PMO - US,Direct Drop,DDP,Truck,29-Aug-14,29-Aug-14,ARV,Pediatric,S. BUYS WHOLESALER,SKU0130,"Lamivudine 10mg/ml, oral solution w/syringe, Bottle, 240 ml",Generic,240,31,244.58,7.89,0.03,"Aurobindo Unit III, India",Weight Captured Separately,Freight Included in Commodity Cost,0.3
39025,Côte d'Ivoire,PMO - US,Direct Drop,CIP,Air,28-Jan-11,28-Jan-11,ARV,Adult,MERCK SHARP & DOHME IDEA GMBH (FORMALLY MERCK SHARP & DOHME B.V.),SKU0094,"Indinavir 400mg [Crixivan], capsules, 180 Caps",Crixivan,180,1015,50750,50,0.28,"MSD, Haarlem, NL",257,1167.97,109.42
39029,South Africa,PMO - US,Direct Drop,DDP,Ocean,26-Apr-11,8-Jun-11,ARV,Adult,Aurobindo Pharma Limited,SKU0026,"Efavirenz 600mg, tablets, 30 Tabs",Generic,30,20060,90871.8,4.53,0.15,"Aurobindo Unit III, India",1726,35753.93,195.92
39045,South Africa,PMO - US,Direct Drop,DDP,Ocean,1-Feb-11,1-Feb-11,ARV,Pediatric,Aurobindo Pharma Limited,SKU0066,"Efavirenz 200mg, capsule, 90 Caps",Generic,90,19271,192324.58,9.98,0.11,"Aurobindo Unit III, India",2555,2347.77,414.65
39053,South Sudan,PMO - US,Direct Drop,EXW,Air,18-Apr-12,18-Apr-12,HRDT,HIV test - Ancillary,"Orgenics, Ltd",SKU0084,"Capillary Tubes, for Determine, EDTA, 50uL,100 Pcs",Determine,100,339,2712,8,0.08,"Alere Medical Co., Ltd.",175,4803.06,3.8
39065,South Africa,PMO - US,Direct Drop,DDP,Truck,28-Aug-14,28-Aug-14,ARV,Adult,PHARMACY DIRECT,SKU0007,"Nevirapine 200mg, tablets, 60 Tabs",Generic,60,27,479.17,17.75,0.3,"Aurobindo Unit III, India",Weight Captured Separately,Freight Included in Commodity Cost,0.49
39075,Ethiopia,PMO - US,Direct Drop,EXW,Air,27-Mar-12,27-Mar-12,HRDT,HIV test,"CHEMBIO DIAGNOSTIC SYSTEMS, INC.",SKU0016,"HIV 1/2, Stat-Pak HIV, Kit, 20 Tests",Stat-Pak,20,135,3915,29,1.45,Chembio Diagnostics Sys. Inc.,47,379.65,5.49
39088,Nigeria,PMO - US,Direct Drop,FCA,Air,30-Dec-13,30-Dec-13,ARV,Pediatric,ABBVIE LOGISTICS (FORMERLY ABBOTT LOGISTICS BV),SKU0045,"Lopinavir/Ritonavir 100/25mg [Aluvia], tablets, 60 Tabs",Generic,60,5513,32747.22,5.94,0.1,ABBVIE Ludwigshafen Germany,640,6185.25,40.51
39105,South Africa,PMO - US,Direct Drop,DDP,Truck,10-Jul-14,10-Jul-14,ARV,Pediatric,S. BUYS WHOLESALER,SKU0042,"Lopinavir/Ritonavir 80/20mg/ml [Kaletra], oral solution, cool, Bottle 5 x 60 ml",Kaletra,300,5,117.26,23.45,0.08,ABBVIE (Abbott) Logis. UK,Weight Captured Separately,Freight Included in Commodity Cost,0.15
39133,Tanzania,PMO - US,Direct Drop,EXW,Air,2-Dec-13,2-Dec-13,HRDT,HIV test,"Orgenics, Ltd",SKU0002,"HIV 1/2, Determine Complete HIV Kit, 100 Tests",Determine,100,3,240,80,0.8,"Alere Medical Co., Ltd.",2,925.04,0.3
39156,Vietnam,PMO - US,Direct Drop,EXW,Air,1-Apr-10,1-Apr-10,ARV,Adult,MYLAN LABORATORIES LTD (FORMERLY MATRIX LABORATORIES),SKU0014,"Zidovudine 300mg, tablets, 60 Tabs",Generic,60,168,1260,7.5,0.12,Mylan (formerly Matrix) Nashik,See ASN-6341 (ID#:29298),See ASN-6341 (ID#:29298),2.72
39182,South Africa,PMO - US,Direct Drop,DDP,Ocean,4-Oct-11,4-Oct-11,ARV,Adult,Aurobindo Pharma Limited,SKU0026,"Efavirenz 600mg, tablets, 30 Tabs",Generic,30,191011,861459.61,4.51,0.15,"Aurobindo Unit III, India",16234,14439.17,1421.41
39184,Côte d'Ivoire,PMO - US,Direct Drop,EXW,Air,8-Sep-11,8-Sep-11,HRDT,HIV test,"Orgenics, Ltd",SKU0002,"HIV 1/2, Determine Complete HIV Kit, 100 Tests",Determine,100,2821,225680,80,0.8,Inverness Japan,1346,34282.33,372.37
39208,Rwanda,PMO - US,Direct Drop,CIP,Air,29-May-10,29-May-10,ARV,Adult,EMCURE PHARMACEUTICALS LTD,SKU0026,"Efavirenz 600mg, tablets, 30 Tabs",Generic,30,31,185.69,5.99,0.2,"Emcure Plot No.P-2, I.T-B.T. Park, Phase II, MIDC, Hinjwadi, Pune, India",4,889.55,0.36
39223,Kenya,PMO - US,Direct Drop,EXW,Air,9-Jul-12,28-Jul-12,HRDT,HIV test,"Orgenics, Ltd",SKU0002,"HIV 1/2, Determine Complete HIV Kit, 100 Tests",Determine,100,4440,395160,89,0.89,"Alere Medical Co., Ltd.",1445,10719.64,554.01
39226,South Africa,PMO - US,Direct Drop,DDP,Truck,9-Mar-15,9-Mar-15,ARV,Adult,PHARMACY DIRECT,SKU0058,"Abacavir 300mg, tablets, 60 Tabs",Generic,60,5,249.26,49.85,0.83,"Aurobindo Unit III, India",Weight Captured Separately,Freight Included in Commodity Cost,0.26
39263,Vietnam,PMO - US,Direct Drop,EXW,Air,16-Feb-11,16-Feb-11,ARV,Adult,HETERO LABS LIMITED,SKU0007,"Nevirapine 200mg, tablets, 60 Tabs",Generic,60,9023,21925.89,2.43,0.04,Hetero Unit III Hyderabad IN,5359,18473.57,47.27
39291,Uganda,PMO - US,Direct Drop,FCA,Air,23-Sep-14,23-Sep-14,ARV,Pediatric,ABBVIE LOGISTICS (FORMERLY ABBOTT LOGISTICS BV),SKU0042,"Lopinavir/Ritonavir 80/20mg/ml [Kaletra], oral solution, cool, Bottle 5 x 60 ml",Kaletra,300,75,2311.5,30.82,0.1,ABBVIE (Abbott) Logis. UK,120,1487.76,2.38
39343,South Africa,PMO - US,Direct Drop,DDP,Ocean,31-Jan-12,31-Jan-12,ARV,Adult,CIPLA LIMITED,SKU0007,"Nevirapine 200mg, tablets, 60 Tabs",Generic,60,82075,223244,2.72,0.05,"Cipla, Goa, India",8969,7175.27,368.35
39353,South Africa,PMO - US,Direct Drop,DDP,Ocean,9-Feb-11,9-Feb-11,ARV,Adult,CIPLA LIMITED,SKU0029,"Tenofovir Disoproxil Fumarate 300mg, tablets, 30 Tabs",Generic,30,116000,815480,7.03,0.23,"Cipla, Goa, India",7965,13688.03,1758.17
39391,Vietnam,PMO - US,Direct Drop,EXW,Air,10-Jul-15,7-Jul-15,ARV,Adult,HETERO LABS LIMITED,SKU0113,"Efavirenz/Lamivudine/Tenofovir Disoproxil Fumarate 600/300/300mg, tablets, 30 Tabs",Generic,30,17760,177600,10,0.33,Hetero Unit III Hyderabad IN,2523,4784.19,209.04
39393,Kenya,PMO - US,Direct Drop,EXW,Air,4-Nov-11,4-Nov-11,HRDT,HIV test,"Orgenics, Ltd",SKU0002,"HIV 1/2, Determine Complete HIV Kit, 100 Tests",Determine,100,6105,543345,89,0.89,"Alere Medical Co., Ltd.",1051,11208.38,896.52
39427,Côte d'Ivoire,PMO - US,Direct Drop,CIP,Air,21-Sep-10,21-Sep-10,ARV,Adult,MERCK SHARP & DOHME IDEA GMBH (FORMALLY MERCK SHARP & DOHME B.V.),SKU0094,"Indinavir 400mg [Crixivan], capsules, 180 Caps",Crixivan,180,1000,50000,50,0.28,"MSD, Haarlem, NL",254,881.33,107.8
39441,Zambia,PMO - US,Direct Drop,EXW,Air,26-Jun-12,26-Jun-12,ARV,Pediatric,CIPLA LIMITED,SKU0108,"Lamivudine/Nevirapine/Stavudine 60/100/12mg, dispersible tablets, 60 Tabs",Generic,60,70000,301000,4.3,0.07,"Cipla, Goa, India",5999,25383.34,422
39452,South Africa,PMO - US,Direct Drop,DDP,Truck,23-Jul-15,23-Jul-15,ARV,Pediatric,PHARMACY DIRECT,SKU0060,"Ritonavir 80mg/ml [Norvir], oral solution, cool, Bottle, 90 ml",Norvir,90,12,59.62,4.97,0.06,ABBVIE (Abbott) France,Weight Captured Separately,Freight Included in Commodity Cost,0.07
39453,"Congo, DRC",PMO - US,Direct Drop,EXW,Air,2-Jul-15,2-Jul-15,HRDT,HIV test,"Trinity Biotech, Plc",SKU0009,"HIV 1/2, Uni-Gold HIV Kit, 20 Tests",Uni-Gold,20,73,2336,32,1.6,"Trinity Biotech, Plc",See ASN-31750 (ID#:19272),See ASN-31750 (ID#:19272),2.75
39489,Guyana,PMO - US,Direct Drop,EXW,Air,17-Sep-14,17-Sep-14,HRDT,HIV test,"Trinity Biotech, Plc",SKU0009,"HIV 1/2, Uni-Gold HIV Kit, 20 Tests",Uni-Gold,20,2653,84896,32,1.6,"Trinity Biotech, Plc",Weight Captured Separately,Invoiced Separately,87.27
39509,South Africa,PMO - US,Direct Drop,DDP,Truck,7-Feb-14,7-Feb-14,ARV,Adult,S. BUYS WHOLESALER,SKU0134,"Didanosine 400mg, delayed-release capsules, 30 Caps",Generic,30,10,217.06,21.71,0.72,"Aurobindo Unit III, India",Weight Captured Separately,Freight Included in Commodity Cost,0.27
39547,Côte d'Ivoire,PMO - US,Direct Drop,EXW,Air,3-Aug-10,3-Aug-10,HRDT,HIV test,"Orgenics, Ltd",SKU0017,"HIV 1/2, Determine HIV Kit, without Lancets, 100 Tests",Determine,100,3000,233100,77.7,0.78,Inverness Japan,679,11163.49,502.56
39556,Namibia,PMO - US,Direct Drop,EXW,Air,5-Oct-11,5-Oct-11,HRDT,HIV test,"Trinity Biotech, Plc",SKU0009,"HIV 1/2, Uni-Gold HIV Kit, 20 Tests",Uni-Gold,20,750,24000,32,1.6,"Trinity Biotech, Plc",248,6654.24,39.6
39575,South Africa,PMO - US,Direct Drop,DDP,Truck,19-Oct-09,19-Oct-09,ARV,Adult,S. BUYS WHOLESALER,SKU0026,"Efavirenz 600mg, tablets, 30 Tabs",Generic,30,600,11761.67,19.6,0.65,"Cipla, Goa, India",Weight Captured Separately,Freight Included in Commodity Cost,23.05
39589,Haiti,PMO - US,Direct Drop,EXW,Air,14-Oct-14,14-Oct-14,ARV,Adult,CIPLA LIMITED,SKU0107,"Lamivudine/Tenofovir Disoproxil Fumarate 300/300mg, tablets, 30 Tabs",Generic,30,8806,40419.54,4.59,0.15,"Cipla, Kurkumbh, India",979,6161.47,41.55
39606,Mozambique,PMO - US,Direct Drop,EXW,Air,23-Feb-10,23-Feb-10,HRDT,HIV test,"Trinity Biotech, Plc",SKU0009,"HIV 1/2, Uni-Gold HIV Kit, 20 Tests",Uni-Gold,20,2360,75520,32,1.6,"Trinity Biotech, Plc",1636,21087.7,162.82
39615,Mali,PMO - US,Direct Drop,EXW,Air,13-May-15,13-May-15,HRDT,HIV test,"Orgenics, Ltd",SKU0085,"HIV 1/2, ImmunoComb TriSpot Ag - Ab Kit, 36 Tests",ImmunoComb,36,65,8125,125,3.47,"Alere Medical Co., Ltd.",24,1059.59,8.35
39631,Ghana,PMO - US,Direct Drop,EXW,Air,12-Jun-14,12-Jun-14,ARV,Pediatric,Aurobindo Pharma Limited,SKU0048,"Lamivudine 10mg/ml, oral solution, Bottle, 240 ml",Generic,240,6047,8647.21,1.43,0.01,"Aurobindo Unit III, India",2323,7326.63,8.89
39647,Vietnam,PMO - US,Direct Drop,EXW,Air,5-Sep-11,5-Sep-11,ARV,Adult,Aurobindo Pharma Limited,SKU0054,"Lamivudine/Nevirapine/Zidovudine 150/200/300mg, tablets, 60 Tabs",Generic,60,20000,219000,10.95,0.18,"Aurobindo Unit III, India",2675,9656.19,361.35
39658,South Africa,PMO - US,Direct Drop,DDP,Truck,24-Aug-15,24-Aug-15,ARV,Adult,PHARMACY DIRECT,SKU0121,"Darunavir 600mg [Prezista], tablets, 60 Tabs",Prezista,60,3,151.99,50.66,0.84,"Janssen-Cilag, Latina, IT",Weight Captured Separately,Freight Included in Commodity Cost,0.16
39659,Burundi,PMO - US,Direct Drop,EXW,Air,4-Jan-13,4-Jan-13,HRDT,HIV test,"Orgenics, Ltd",SKU0002,"HIV 1/2, Determine Complete HIV Kit, 100 Tests",Determine,100,1472,117760,80,0.8,"Alere Medical Co., Ltd.",638,16189.94,145.67
39661,Rwanda,PMO - US,Direct Drop,EXW,Ocean,12-Nov-14,12-Nov-14,ARV,Adult,Aurobindo Pharma Limited,SKU0107,"Lamivudine/Tenofovir Disoproxil Fumarate 300/300mg, tablets, 30 Tabs",Generic,30,104000,483600,4.65,0.16,"Aurobindo Unit VII, IN",9684,7898.15,497.14
39708,Côte d'Ivoire,PMO - US,Direct Drop,FCA,Air,23-Oct-09,23-Oct-09,ARV,Adult,ABBVIE LOGISTICS (FORMERLY ABBOTT LOGISTICS BV),SKU0052,"Ritonavir 100mg [Norvir], capsules, cool, 4 x 84 Caps",Norvir,336,300,11508,38.36,0.11,ABBVIE (Abbott) Logis. UK,546,4901.51,22.56
39724,South Africa,PMO - US,Direct Drop,DDP,Ocean,31-Dec-10,1-Feb-11,ARV,Pediatric,Aurobindo Pharma Limited,SKU0049,"Efavirenz 50mg, capsule, 30 Caps",Generic,30,32080,76671.2,2.39,0.08,"Aurobindo Unit III, India",2666,21695.97,165.3
39769,Sudan,PMO - US,Direct Drop,EXW,Air,20-Feb-12,20-Feb-12,HRDT,HIV test - Ancillary,"Orgenics, Ltd",SKU0084,"Capillary Tubes, for Determine, EDTA, 50uL,100 Pcs",Determine,100,2,16,8,0.08,"Alere Medical Co., Ltd.",2,980.7,0.03
39794,Zimbabwe,PMO - US,Direct Drop,EXW,Air,9-Dec-13,9-Dec-13,HRDT,HIV test - Ancillary,"Orgenics, Ltd",SKU0136,"Chase Buffer, Determine, 100 Tests, 2.5ml x 1 Vial",Determine,1,2000,10000,5,5,"Alere Medical Co., Ltd.",864,14314.83,12.37
39799,Uganda,PMO - US,Direct Drop,EXW,Air,29-Aug-13,29-Aug-13,ARV,Adult,MYLAN LABORATORIES LTD (FORMERLY MATRIX LABORATORIES),SKU0054,"Lamivudine/Nevirapine/Zidovudine 150/200/300mg, tablets, 60 Tabs",Generic,60,50000,405000,8.1,0.13,Mylan (formerly Matrix) Nashik,6918,22886.81,500.98
39823,South Africa,PMO - US,Direct Drop,DDP,Truck,10-Dec-14,10-Dec-14,ARV,Adult,S. BUYS WHOLESALER,SKU0011,"Lamivudine/Zidovudine 150/300mg, tablets, 60 Tabs",Generic,60,225,5964.4,26.51,0.44,"Cipla, Goa, India",Weight Captured Separately,Freight Included in Commodity Cost,7.02
40255,Vietnam,PMO - US,Direct Drop,FCA,Air,7-Apr-14,7-Apr-14,ARV,Adult,ABBVIE LOGISTICS (FORMERLY ABBOTT LOGISTICS BV),SKU0118,"Ritonavir 100mg [Norvir], film coated tablets, 30 Tabs",Norvir,30,400,9304,23.26,0.78,ABBVIE Ludwigshafen Germany,Weight Captured Separately,Invoiced Separately,11.51
39833,Vietnam,PMO - US,Direct Drop,EXW,Air,13-Aug-14,13-Aug-14,ARV,Adult,HETERO LABS LIMITED,SKU0113,"Efavirenz/Lamivudine/Tenofovir Disoproxil Fumarate 600/300/300mg, tablets, 30 Tabs",Generic,30,720,7560,10.5,0.35,Hetero Unit III Hyderabad IN,See ASN-26927 (ID#:26612),See ASN-26927 (ID#:26612),7.77
39850,"Congo, DRC",PMO - US,Direct Drop,EXW,Air,30-Apr-13,30-Apr-13,ANTM,Malaria,ACTION MEDEOR E.V.,SKU0088,"Sulfadoxine/Pyrimethamine 500/25mg, tablets, 1000 Tabs",Generic,1000,415,10026.4,24.16,0.02,"Micro Labs, Hosur, India",329,1731.89,12.4
39873,Vietnam,PMO - US,Direct Drop,FCA,Air,16-Aug-14,16-Aug-14,ARV,Adult,ABBVIE LOGISTICS (FORMERLY ABBOTT LOGISTICS BV),SKU0008,"Lopinavir/Ritonavir 200/50mg [Aluvia], tablets, 120 Tabs",Aluvia,120,5200,316264,60.82,0.51,ABBVIE Ludwigshafen Germany,1272,3824.06,325.12
39895,Rwanda,PMO - US,Direct Drop,EXW,Air,18-Feb-15,18-Feb-15,HRDT,HIV test,"SHANGHAI KEHUA BIOENGINEERING CO.,LTD.  (KHB)",SKU0063,"HIV 1/2, SKB Colloidal Gold, Diagnostic Kit, Antibody, 50 Tests",Colloidal Gold,1,4014,98343,24.5,24.5,"KHB Test Kit Facility, Shanghai China",2676,35281.73,101.1
39920,Rwanda,PMO - US,Direct Drop,EXW,Air,14-Apr-11,14-Apr-11,HRDT,HIV test,"Standard Diagnostics, Inc.",SKU0086,"HIV 1/2, Bioline 3.0 Kit, (no accessories), 30 Tests",Bioline,30,1600,38400,24,0.8,"Standard Diagnostics, Korea",571,5161.55,82.79
39933,Vietnam,PMO - US,Direct Drop,EXW,Air,1-Jun-15,1-Jun-15,ARV,Adult,MYLAN LABORATORIES LTD (FORMERLY MATRIX LABORATORIES),SKU0011,"Lamivudine/Zidovudine 150/300mg, tablets, 60 Tabs",Generic,60,16800,109032,6.49,0.11,Mylan (formerly Matrix) Nashik,1456,2984,112.08
39966,Namibia,PMO - US,Direct Drop,EXW,Air,12-Feb-10,12-Feb-10,HRDT,HIV test,"Trinity Biotech, Plc",SKU0009,"HIV 1/2, Uni-Gold HIV Kit, 20 Tests",Uni-Gold,20,1400,44800,32,1.6,"Trinity Biotech, Plc",500,5061.46,96.59
39967,Côte d'Ivoire,PMO - US,Direct Drop,EXW,Air,7-Oct-13,7-Oct-13,ARV,Pediatric,Aurobindo Pharma Limited,SKU0065,"Zidovudine 100mg, capsules, 100 Caps",Generic,100,670,3015,4.5,0.04,"Aurobindo Unit III, India",76,1921.02,3.73
39971,Vietnam,PMO - US,Direct Drop,FCA,Air,11-Dec-12,11-Dec-12,ARV,Pediatric,ABBVIE LOGISTICS (FORMERLY ABBOTT LOGISTICS BV),SKU0045,"Lopinavir/Ritonavir 100/25mg [Aluvia], tablets, 60 Tabs",Generic,60,104,1581.84,15.21,0.25,ABBVIE Ludwigshafen Germany,18,612.07,2.22
40033,Uganda,PMO - US,Direct Drop,EXW,Air,8-Apr-15,8-Apr-15,ARV,Pediatric,Aurobindo Pharma Limited,SKU0155,"Lopinavir/Ritonavir 100/25mg, tablets, 60 Tabs",Generic,60,4250,34170,8.04,0.13,"Aurobindo Unit III, India",424,1488.99,40.22
40044,South Africa,PMO - US,Direct Drop,DDP,Truck,19-Nov-14,19-Nov-14,ARV,Adult,S. BUYS WHOLESALER,SKU0115,"Etravirine 100mg [Intelence], tablets, 120 Tabs",Intelence,120,39,1523.85,39.07,0.33,"Janssen-Cilag, Latina, IT",Weight Captured Separately,Freight Included in Commodity Cost,1.89
40070,South Africa,PMO - US,Direct Drop,DDP,Truck,2-Jun-15,2-Jun-15,ARV,Adult,PHARMACY DIRECT,SKU0058,"Abacavir 300mg, tablets, 60 Tabs",Generic,60,31,1545.41,49.85,0.83,"Aurobindo Unit III, India",Weight Captured Separately,Freight Included in Commodity Cost,1.59
40100,South Africa,PMO - US,Direct Drop,DDP,Truck,27-Aug-14,27-Aug-14,ARV,Adult,S. BUYS WHOLESALER,SKU0011,"Lamivudine/Zidovudine 150/300mg, tablets, 60 Tabs",Generic,60,19,626.77,32.99,0.55,Hetero Unit III Hyderabad IN,Weight Captured Separately,Freight Included in Commodity Cost,0.78
40136,South Africa,PMO - US,Direct Drop,DDP,Truck,2-Jun-15,2-Jun-15,ARV,Pediatric,PHARMACY DIRECT,SKU0066,"Efavirenz 200mg, capsule, 90 Caps",Generic,90,8,136.35,17.04,0.19,"Aurobindo Unit III, India",Weight Captured Separately,Freight Included in Commodity Cost,0.14
40152,South Africa,PMO - US,Direct Drop,DDP,Truck,28-Nov-14,28-Nov-14,ARV,Pediatric,PHARMACY DIRECT,SKU0071,"Abacavir 20mg/ml, oral solution, Bottle, 240 ml",Generic,240,8,141.69,17.71,0.07,"Aurobindo Unit III, India",Weight Captured Separately,Freight Included in Commodity Cost,0.15
40205,South Sudan,PMO - US,Direct Drop,EXW,Air,8-May-15,8-May-15,HRDT,HIV test,"Trinity Biotech, Plc",SKU0009,"HIV 1/2, Uni-Gold HIV Kit, 20 Tests",Uni-Gold,20,35,1120,32,1.6,"Trinity Biotech, Plc",191,2796.58,1.32
40209,Côte d'Ivoire,PMO - US,Direct Drop,FCA,Air,18-Aug-11,18-Aug-11,ARV,Adult,ABBVIE LOGISTICS (FORMERLY ABBOTT LOGISTICS BV),SKU0008,"Lopinavir/Ritonavir 200/50mg [Aluvia], tablets, 120 Tabs",Aluvia,120,16695,562621.5,33.7,0.28,ABBVIE Ludwigshafen Germany,4113,30130.82,928.33
40214,Rwanda,PMO - US,Direct Drop,EXW,Ocean,19-Dec-14,19-Dec-14,ARV,Adult,MYLAN LABORATORIES LTD (FORMERLY MATRIX LABORATORIES),SKU0119,"Atazanavir/Ritonavir 300/100mg, tablets, 30 Tabs",Generic,30,28869,577380,20,0.67,Mylan (formerly Matrix) Nashik,3865,5678.36,593.55
40286,Rwanda,PMO - US,Direct Drop,FCA,Air,22-Jan-14,22-Jan-14,ARV,Pediatric,ABBVIE LOGISTICS (FORMERLY ABBOTT LOGISTICS BV),SKU0045,"Lopinavir/Ritonavir 100/25mg [Aluvia], tablets, 60 Tabs",Generic,60,500,2970,5.94,0.1,ABBVIE Ludwigshafen Germany,65,985.26,3.05
40351,Haiti,PMO - US,Direct Drop,EXW,Air,18-Jan-12,18-Jan-12,ANTM,Malaria,AMSTELFARMA B.V.,SKU0088,"Sulfadoxine/Pyrimethamine 500/25mg, tablets, 1000 Tabs",Generic,1000,10,316.5,31.65,0.03,"Micro Labs, Hosur, India",See ASN-13412 (ID#:16085),See ASN-13412 (ID#:16085),0.44
40364,South Africa,PMO - US,Direct Drop,DDP,Ocean,12-Oct-10,15-Dec-10,ARV,Adult,Aurobindo Pharma Limited,SKU0026,"Efavirenz 600mg, tablets, 30 Tabs",Generic,30,52516,236847.16,4.51,0.15,"Aurobindo Unit III, India",Weight Captured Separately,Freight Included in Commodity Cost,510.64
40365,Haiti,PMO - US,Direct Drop,EXW,Ocean,3-Jul-15,3-Jul-15,ARV,Pediatric,MYLAN LABORATORIES LTD (FORMERLY MATRIX LABORATORIES),SKU0131,"Lamivudine/Zidovudine 30/60mg, tablets, 60 Tabs",Generic,60,6000,11940,1.99,0.03,Mylan (formerly Matrix) Nashik,Weight Captured Separately,Invoiced Separately,12.27
40373,Tanzania,PMO - US,Direct Drop,EXW,Air,29-Mar-11,29-Mar-11,HRDT,HIV test,"Trinity Biotech, Plc",SKU0009,"HIV 1/2, Uni-Gold HIV Kit, 20 Tests",Uni-Gold,20,30,960,32,1.6,"Trinity Biotech, Plc",10,910.73,1.58
40379,South Africa,PMO - US,Direct Drop,DDP,Truck,19-Feb-15,19-Feb-15,ARV,Pediatric,PHARMACY DIRECT,SKU0071,"Abacavir 20mg/ml, oral solution, Bottle, 240 ml",Generic,240,3,73.53,24.51,0.1,"Aurobindo Unit III, India",Weight Captured Separately,Freight Included in Commodity Cost,0.08
40443,Vietnam,PMO - US,Direct Drop,FCA,Air,19-Mar-15,19-Mar-15,ARV,Adult,ABBVIE LOGISTICS (FORMERLY ABBOTT LOGISTICS BV),SKU0118,"Ritonavir 100mg [Norvir], film coated tablets, 30 Tabs",Norvir,30,128,2977.28,23.26,0.78,ABBVIE Ludwigshafen Germany,1232,2769.45,3.5
40479,Tanzania,PMO - US,Direct Drop,FCA,Air,30-Sep-14,30-Sep-14,ARV,Pediatric,ABBVIE LOGISTICS (FORMERLY ABBOTT LOGISTICS BV),SKU0042,"Lopinavir/Ritonavir 80/20mg/ml [Kaletra], oral solution, cool, Bottle 5 x 60 ml",Kaletra,300,304,9369.28,30.82,0.1,ABBVIE (Abbott) Logis. UK,278,5656.74,9.63
40484,Kenya,PMO - US,Direct Drop,EXW,Air,10-Feb-11,10-Feb-11,HRDT,HIV test,"Orgenics, Ltd",SKU0002,"HIV 1/2, Determine Complete HIV Kit, 100 Tests",Determine,100,8563,762107,89,0.89,Inverness Japan,1474,15687.32,1643.1
40490,South Sudan,PMO - US,Direct Drop,EXW,Air,29-Sep-14,29-Sep-14,HRDT,HIV test,"Trinity Biotech, Plc",SKU0009,"HIV 1/2, Uni-Gold HIV Kit, 20 Tests",Uni-Gold,20,450,14400,32,1.6,"Trinity Biotech, Plc",See ASN-27241 (ID#:23488),See ASN-27241 (ID#:23488),14.8
40496,South Africa,PMO - US,Direct Drop,DDP,Truck,5-Aug-14,5-Aug-14,ARV,Adult,PHARMACY DIRECT,SKU0139,"Darunavir 300mg [Prezista], tablets, 120 Tabs",Prezista,120,18,1254.77,69.71,0.58,"Janssen-Cilag, Latina, IT",Weight Captured Separately,Freight Included in Commodity Cost,1.29
40498,Côte d'Ivoire,PMO - US,Direct Drop,CIP,Air,16-Apr-10,16-Apr-10,ARV,Pediatric,MERCK SHARP & DOHME IDEA GMBH (FORMALLY MERCK SHARP & DOHME B.V.),SKU0102,"Efavirenz 30mg/ml [Stocrin/Sustiva], oral solution, Bottle, 180 ml",Stocrin/Sustiva,180,3559,60360.64,16.96,0.09,"MSD, Haarlem, NL",1061,2454.99,118.31
40555,Tanzania,PMO - US,Direct Drop,FCA,Air,11-Jun-10,4-Jun-10,ARV,Adult,ABBVIE LOGISTICS (FORMERLY ABBOTT LOGISTICS BV),SKU0008,"Lopinavir/Ritonavir 200/50mg [Aluvia], tablets, 120 Tabs",Aluvia,120,2855,103236.8,36.16,0.3,ABBVIE Ludwigshafen Germany,Weight Captured Separately,Invoiced Separately,222.58
40580,Cameroon,PMO - US,Direct Drop,EXW,Air,27-Aug-13,27-Aug-13,HRDT,HIV test,"Orgenics, Ltd",SKU0002,"HIV 1/2, Determine Complete HIV Kit, 100 Tests",Determine,100,5000,400000,80,0.8,"Alere Medical Co., Ltd.",2268,37942.89,494.8
40584,South Africa,PMO - US,Direct Drop,DDP,Ocean,15-Aug-11,15-Sep-11,ARV,Adult,Aurobindo Pharma Limited,SKU0014,"Zidovudine 300mg, tablets, 60 Tabs",Generic,60,7548,55100.4,7.3,0.12,"Aurobindo Unit III, India",391,659.58,90.92
40598,South Africa,PMO - US,Direct Drop,DDP,Truck,29-Aug-14,29-Aug-14,ARV,Adult,S. BUYS WHOLESALER,SKU0105,"Emtricitabine/Tenofovir Disoproxil Fumarate 200/300mg, tablets, 30 Tabs",Generic,30,334,11131.8,33.33,1.11,"Aurobindo Unit III, India",Weight Captured Separately,Freight Included in Commodity Cost,13.77
40608,Uganda,PMO - US,Direct Drop,EXW,Air,19-Jan-10,19-Jan-10,ARV,Adult,ASPEN PHARMACARE,SKU0139,"Darunavir 300mg [Prezista], tablets, 120 Tabs",Prezista,120,120,10800,90,0.75,"Aspen-OSD, Port Elizabeth, SA",18,1190.02,21.17
40620,Mozambique,PMO - US,Direct Drop,EXW,Air,22-Nov-11,5-Dec-11,HRDT,HIV test,"Orgenics, Ltd",SKU0017,"HIV 1/2, Determine HIV Kit, without Lancets, 100 Tests",Determine,100,2591,201320.7,77.7,0.78,Inverness Japan,994,12838.85,332.18
40627,South Africa,PMO - US,Direct Drop,DDP,Ocean,16-Sep-11,16-Sep-11,ARV,Adult,STRIDES ARCOLAB LIMITED,SKU0007,"Nevirapine 200mg, tablets, 60 Tabs",Generic,60,150000,430500,2.87,0.05,"Strides, Bangalore, India.",9282,15222.94,710.32
40657,Ethiopia,PMO - US,Direct Drop,EXW,Air,29-Jan-10,29-Jan-10,HRDT,HIV test,"CHEMBIO DIAGNOSTIC SYSTEMS, INC.",SKU0016,"HIV 1/2, Stat-Pak HIV, Kit, 20 Tests",Stat-Pak,20,140,3780,27,1.35,Chembio Diagnostics Sys. Inc.,38,447.73,8.15
40665,Ethiopia,PMO - US,Direct Drop,EXW,Air,4-Sep-12,4-Sep-12,HRDT,HIV test,"SHANGHAI KEHUA BIOENGINEERING CO.,LTD.  (KHB)",SKU0063,"HIV 1/2, SKB Colloidal Gold, Diagnostic Kit, Antibody, 50 Tests",Colloidal Gold,1,25004,612598,24.5,24.5,"KHB Test Kit Facility, Shanghai China",17367,161962.32,858.86
40680,Côte d'Ivoire,PMO - US,Direct Drop,EXW,Air,27-Feb-14,27-Feb-14,ARV,Pediatric,Aurobindo Pharma Limited,SKU0120,"Nevirapine 50mg, dispersible tablets (tablets for oral suspension), 30 Tabs",Generic,30,7000,8750,1.25,0.04,"Aurobindo Unit III, India",480,5325.3,10.82
40702,South Sudan,PMO - US,Direct Drop,EXW,Air,3-Jun-15,3-Jun-15,HRDT,HIV test - Ancillary,"Orgenics, Ltd",SKU0136,"Chase Buffer, Determine, 100 Tests, 2.5ml x 1 Vial",Determine,1,45,225,5,5,"Alere Medical Co., Ltd.",See ASN-31321 (ID#:30363),See ASN-31321 (ID#:30363),0.26
40762,Uganda,PMO - US,Direct Drop,EXW,Air,18-Jul-12,23-Jul-12,ARV,Adult,Aurobindo Pharma Limited,SKU0135,"Lopinavir/Ritonavir 200/50mg, tablets, 120 Tabs",Generic,120,10679,272314.5,25.5,0.21,"Aurobindo Unit III, India",2709,11409.29,381.78
40779,Mozambique,PMO - US,Direct Drop,EXW,Air,2-May-14,2-May-14,HRDT,HIV test,"Orgenics, Ltd",SKU0002,"HIV 1/2, Determine Complete HIV Kit, 100 Tests",Determine,100,8898,711840,80,0.8,"Alere Medical Co., Ltd.",3611,24079.79,731.77
40790,South Africa,PMO - US,Direct Drop,DDP,Truck,27-Aug-14,27-Aug-14,ARV,Adult,S. BUYS WHOLESALER,SKU0008,"Lopinavir/Ritonavir 200/50mg [Aluvia], tablets, 120 Tabs",Aluvia,120,62,1597.1,25.76,0.21,ABBVIE Ludwigshafen Germany,Weight Captured Separately,Freight Included in Commodity Cost,1.98
40791,Vietnam,PMO - US,Direct Drop,EXW,Air,22-Dec-11,22-Dec-11,ARV,Adult,STRIDES ARCOLAB LIMITED,SKU0003,"Lamivudine 150mg, tablets, 60 Tabs",Generic,60,23355,54884.25,2.35,0.04,"Strides, Bangalore, India.",1073,5221.88,90.56
40798,South Africa,PMO - US,Direct Drop,DDP,Ocean,18-Nov-11,18-Nov-11,ARV,Pediatric,GLAXOSMITHKLINE EXPORT LIMITED,SKU0087,"Abacavir 20mg/ml [Ziagen], oral solution, Bottle, 240 ml",Ziagen,240,20000,185600,9.28,0.04,GSK Mississauga (Canada),7293,6560.34,306.24
40812,Rwanda,PMO - US,Direct Drop,CIP,Air,29-Apr-10,29-Apr-10,ARV,Adult,EMCURE PHARMACEUTICALS LTD,SKU0026,"Efavirenz 600mg, tablets, 30 Tabs",Generic,30,54684,327557.16,5.99,0.2,"Emcure Plot No.P-2, I.T-B.T. Park, Phase II, MIDC, Hinjwadi, Pune, India",3889,31784.09,642.01
40821,Cameroon,PMO - US,Direct Drop,EXW,Air,9-Nov-13,30-Oct-13,ARV,Adult,CIPLA LIMITED,SKU0107,"Lamivudine/Tenofovir Disoproxil Fumarate 300/300mg, tablets, 30 Tabs",Generic,30,12600,57960,4.6,0.15,"Cipla, Kurkumbh, India",1278,15106.61,71.7
40836,South Africa,PMO - US,Direct Drop,DDP,Ocean,4-Jan-12,4-Jan-12,ARV,Adult,Aurobindo Pharma Limited,SKU0014,"Zidovudine 300mg, tablets, 60 Tabs",Generic,60,6384,46603.2,7.3,0.12,"Aurobindo Unit III, India",331,5766.83,76.9
40840,"Congo, DRC",PMO - US,Direct Drop,EXW,Air,4-Nov-14,4-Nov-14,HRDT,HIV test,"Trinity Biotech, Plc",SKU0009,"HIV 1/2, Uni-Gold HIV Kit, 20 Tests",Uni-Gold,20,89,2848,32,1.6,"Trinity Biotech, Plc",See ASN-28279 (ID#:13547),See ASN-28279 (ID#:13547),2.93
40841,South Africa,PMO - US,Direct Drop,DDP,Truck,27-Aug-14,27-Aug-14,ARV,Adult,S. BUYS WHOLESALER,SKU0029,"Tenofovir Disoproxil Fumarate 300mg, tablets, 30 Tabs",Generic,30,273,6169.93,22.6,0.75,"Aurobindo Unit III, India",Weight Captured Separately,Freight Included in Commodity Cost,7.63
40851,Cameroon,PMO - US,Direct Drop,EXW,Air,26-Sep-13,26-Sep-13,ARV,Adult,MYLAN LABORATORIES LTD (FORMERLY MATRIX LABORATORIES),SKU0014,"Zidovudine 300mg, tablets, 60 Tabs",Generic,60,5000,32500,6.5,0.11,Mylan (formerly Matrix) Nashik,294,4339.64,40.2
40868,South Africa,South Africa Field Office,Direct Drop,DDP,Truck,12-Apr-13,12-Apr-13,ARV,Pediatric,S. BUYS WHOLESALER,SKU0042,"Lopinavir/Ritonavir 80/20mg/ml [Kaletra], oral solution, cool, Bottle 5 x 60 ml",Kaletra,300,48,1199.64,24.99,0.08,ABBVIE (Abbott) Logis. UK,Weight Captured Separately,Freight Included in Commodity Cost,1.48
40894,Zambia,PMO - US,Direct Drop,EXW,Air,5-Jun-13,6-Jun-13,HRDT,HIV test,"Orgenics, Ltd",SKU0002,"HIV 1/2, Determine Complete HIV Kit, 100 Tests",Determine,100,2950,236000,80,0.8,"Alere Medical Co., Ltd.",1222,22041.41,291.93
40901,South Africa,PMO - US,Direct Drop,DDP,Ocean,31-May-11,13-Jun-11,ARV,Adult,Aurobindo Pharma Limited,SKU0029,"Tenofovir Disoproxil Fumarate 300mg, tablets, 30 Tabs",Generic,30,108677,722702.05,6.65,0.22,"Aurobindo Unit III, India",10144,8809.08,1192.46
40923,South Africa,PMO - US,Direct Drop,DDP,Ocean,26-Apr-11,26-May-11,ARV,Adult,Aurobindo Pharma Limited,SKU0026,"Efavirenz 600mg, tablets, 30 Tabs",Generic,30,125247,567368.91,4.53,0.15,"Aurobindo Unit III, India",Weight Captured Separately,Freight Included in Commodity Cost,1223.25
40933,South Africa,PMO - US,Direct Drop,DDP,Truck,27-Aug-09,27-Aug-09,ARV,Adult,S. BUYS WHOLESALER,SKU0056,"Ritonavir 100mg [Norvir], capsules, cool, 84 Caps",Norvir,84,123,1348.43,10.96,0.13,ABBVIE (Abbott) Logis. UK,Weight Captured Separately,Freight Included in Commodity Cost,2.64
40934,Vietnam,PMO - US,Direct Drop,FCA,Air,16-Sep-13,16-Sep-13,ARV,Adult,ABBVIE LOGISTICS (FORMERLY ABBOTT LOGISTICS BV),SKU0118,"Ritonavir 100mg [Norvir], film coated tablets, 30 Tabs",Norvir,30,71,1651.46,23.26,0.78,ABBVIE Ludwigshafen Germany,15,493.42,2.04
40935,Vietnam,PMO - US,Direct Drop,EXW,Air,27-Jul-15,27-Jul-15,ARV,Adult,MYLAN LABORATORIES LTD (FORMERLY MATRIX LABORATORIES),SKU0011,"Lamivudine/Zidovudine 150/300mg, tablets, 60 Tabs",Generic,60,13000,84370,6.49,0.11,Mylan (formerly Matrix) Nashik,Weight Captured Separately,Invoiced Separately,99.3
40936,Vietnam,PMO - US,Direct Drop,EXW,Air,14-Dec-12,14-Dec-12,ARV,Adult,HETERO LABS LIMITED,SKU0058,"Abacavir 300mg, tablets, 60 Tabs",Generic,60,385,4966.5,12.9,0.22,Hetero Unit III Hyderabad IN,See ASN-17176 (ID#:20219),See ASN-17176 (ID#:20219),6.96
40942,Haiti,PMO - US,Direct Drop,CIP,Air,29-Jun-10,29-Jun-10,ARV,Pediatric,MERCK SHARP & DOHME IDEA GMBH (FORMALLY MERCK SHARP & DOHME B.V.),SKU0102,"Efavirenz 30mg/ml [Stocrin/Sustiva], oral solution, Bottle, 180 ml",Stocrin/Sustiva,180,180,3052.8,16.96,0.09,"MSD, Haarlem, NL",Weight Captured Separately,Freight Included in Commodity Cost,6.58
40950,Guyana,PMO - US,Direct Drop,FCA,Air,5-Nov-14,5-Nov-14,ARV,Pediatric,ABBVIE LOGISTICS (FORMERLY ABBOTT LOGISTICS BV),SKU0042,"Lopinavir/Ritonavir 80/20mg/ml [Kaletra], oral solution, cool, Bottle 5 x 60 ml",Kaletra,300,12,729.84,60.82,0.2,ABBVIE (Abbott) Logis. UK,39,790.71,0.75
40963,Nigeria,PMO - US,Direct Drop,EXW,Air,19-Jan-15,16-Jan-15,HRDT,HIV test,"Orgenics, Ltd",SKU0002,"HIV 1/2, Determine Complete HIV Kit, 100 Tests",Determine,100,6170,549130,89,0.89,"Alere Medical Co., Ltd.",2498,30648.28,564.51
41011,South Africa,PMO - US,Direct Drop,DDP,Truck,29-Aug-14,29-Aug-14,ARV,Pediatric,S. BUYS WHOLESALER,SKU0145,"Abacavir 20mg/ml, oral solution w/syringe, Bottle, 240 ml",Generic,240,143,3866.47,27.04,0.11,"Aurobindo Unit III, India",Weight Captured Separately,Freight Included in Commodity Cost,4.78
41022,South Africa,PMO - US,Direct Drop,DDP,Ocean,31-Jan-11,31-Jan-11,ARV,Adult,Aurobindo Pharma Limited,SKU0003,"Lamivudine 150mg, tablets, 60 Tabs",Generic,60,236129,559625.73,2.37,0.04,"Aurobindo Unit III, India",11917,17266.6,1206.55
41032,South Africa,PMO - US,Direct Drop,DDP,Truck,3-Oct-14,3-Oct-14,ARV,Adult,PHARMACY DIRECT,SKU0026,"Efavirenz 600mg, tablets, 30 Tabs",Generic,30,51,795.4,15.6,0.52,"Aurobindo Unit III, India",Weight Captured Separately,Freight Included in Commodity Cost,0.82
41042,Vietnam,PMO - US,Direct Drop,EXW,Air,5-Jun-12,5-Jun-12,ARV,Pediatric,Aurobindo Pharma Limited,SKU0117,"Zidovudine 10mg/ml, oral solution w/syringe, Bottle, 240 ml",Generic,240,500,1050,2.1,0.01,"Aurobindo Unit III, India",See ASN-14875 (ID#:35053),See ASN-14875 (ID#:35053),1.47
41045,Rwanda,PMO - US,Direct Drop,CIP,Air,15-Dec-09,15-Dec-09,ARV,Adult,HETERO LABS LIMITED,SKU0007,"Nevirapine 200mg, tablets, 60 Tabs",Generic,60,34500,106605,3.09,0.05,Hetero Unit III Hyderabad IN,2044,10883.65,208.95
41056,South Africa,PMO - US,Direct Drop,DDP,Truck,13-Jan-14,13-Jan-14,ARV,Pediatric,S. BUYS WHOLESALER,SKU0045,"Lopinavir/Ritonavir 100/25mg [Aluvia], tablets, 60 Tabs",Generic,60,8,46.26,5.78,0.1,ABBVIE Ludwigshafen Germany,Weight Captured Separately,Freight Included in Commodity Cost,0.05
41062,"Congo, DRC",PMO - US,Direct Drop,FCA,Air,15-Jan-14,15-Jan-14,ARV,Pediatric,ABBVIE LOGISTICS (FORMERLY ABBOTT LOGISTICS BV),SKU0045,"Lopinavir/Ritonavir 100/25mg [Aluvia], tablets, 60 Tabs",Generic,60,304,1805.76,5.94,0.1,ABBVIE Ludwigshafen Germany,43,453.31,2.23
41092,Côte d'Ivoire,PMO - US,Direct Drop,EXW,Air,31-Dec-12,31-Dec-12,ARV,Pediatric,Aurobindo Pharma Limited,SKU0138,"Abacavir/Lamivudine 60/30mg, tablets, 60 Tabs",Generic,60,7228,33248.8,4.6,0.08,"Aurobindo Unit III, India",338,3845.67,46.61
41096,"Congo, DRC",PMO - US,Direct Drop,EXW,Air,11-Jul-13,19-Jul-13,ARV,Pediatric,Aurobindo Pharma Limited,SKU0120,"Nevirapine 50mg, dispersible tablets (tablets for oral suspension), 30 Tabs",Generic,30,492,615,1.25,0.04,"Aurobindo Unit III, India",27,938.06,0.76
41099,South Africa,PMO - US,Direct Drop,DDP,Air,1-Sep-10,11-Oct-10,ARV,Adult,CIPLA LIMITED,SKU0029,"Tenofovir Disoproxil Fumarate 300mg, tablets, 30 Tabs",Generic,30,83238,650921.16,7.82,0.26,"Cipla, Goa, India",5663,5298.02,1403.39
41132,South Africa,PMO - US,Direct Drop,DDP,Truck,4-Jul-14,4-Jul-14,ARV,Adult,S. BUYS WHOLESALER,SKU0056,"Ritonavir 100mg [Norvir], capsules, cool, 84 Caps",Norvir,84,3,19.05,6.35,0.08,ABBVIE (Abbott) Logis. UK,Weight Captured Separately,Freight Included in Commodity Cost,0.02
41146,Zimbabwe,PMO - US,Direct Drop,EXW,Air,1-Sep-09,1-Sep-09,HRDT,HIV test,"Standard Diagnostics, Inc.",SKU0019,"HIV 1/2, Bioline 3.0 Kit, Lancets, Capillary pipets, Alcohol swabs included, 25 Tests",Bioline,25,2000,40000,20,0.8,"Standard Diagnostics, Korea",624,4756.06,78.4
41162,Nigeria,PMO - US,Direct Drop,EXW,Air,28-Jun-11,28-Jun-11,HRDT,HIV test,"CHEMBIO DIAGNOSTIC SYSTEMS, INC.",SKU0016,"HIV 1/2, Stat-Pak HIV, Kit, 20 Tests",Stat-Pak,20,1286,37294,29,1.45,Chembio Diagnostics Sys. Inc.,482,2386.35,61.54
41184,South Africa,PMO - US,Direct Drop,DDP,Air,25-Nov-10,8-Dec-10,ARV,Adult,Aurobindo Pharma Limited,SKU0029,"Tenofovir Disoproxil Fumarate 300mg, tablets, 30 Tabs",Generic,30,59681,412395.71,6.91,0.23,"Aurobindo Unit III, India",5200,5953.37,889.13
41201,South Africa,PMO - US,Direct Drop,DDP,Truck,8-Dec-09,8-Dec-09,ARV,Adult,S. BUYS WHOLESALER,SKU0003,"Lamivudine 150mg, tablets, 60 Tabs",Generic,60,46,470.75,10.23,0.17,"Aurobindo Unit III, India",Weight Captured Separately,Freight Included in Commodity Cost,0.92
41214,Tanzania,PMO - US,Direct Drop,EXW,Air,4-Oct-13,4-Oct-13,ARV,Adult,MYLAN LABORATORIES LTD (FORMERLY MATRIX LABORATORIES),SKU0132,"Efavirenz/Emtricitabine/Tenofovir Disoproxil Fumarate 600/200/300mg, tablets, 30 Tabs",Generic,30,216755,2653081.2,12.24,0.41,Mylan (formerly Matrix) Nashik,28678,118541.26,3281.86
41222,Kenya,PMO - US,Direct Drop,EXW,Air,17-Jan-12,17-Jan-12,HRDT,HIV test,"Orgenics, Ltd",SKU0002,"HIV 1/2, Determine Complete HIV Kit, 100 Tests",Determine,100,6100,542900,89,0.89,"Alere Medical Co., Ltd.",3497,40917.19,895.78
41232,Haiti,PMO - US,Direct Drop,EXW,Air,25-Aug-14,25-Aug-14,ARV,Adult,HETERO LABS LIMITED,SKU0007,"Nevirapine 200mg, tablets, 60 Tabs",Generic,60,10050,21909,2.18,0.04,Hetero Unit III Hyderabad IN,659,5586.53,22.52
41238,Afghanistan,PMO - US,Direct Drop,EXW,Air,12-Jul-15,12-Jul-15,ANTM,Malaria,IMRES B.V.,SKU0043,"Quinine 600mg/2ml (as dihydrochloride), injection, 2ml x 100 Ampules",Generic,100,32,800,25,0.25,"Gland Pharma, Hyderabad, IN",68,555.49,0.94
41260,Vietnam,PMO - US,Direct Drop,EXW,Air,23-Mar-15,23-Mar-15,ARV,Adult,MYLAN LABORATORIES LTD (FORMERLY MATRIX LABORATORIES),SKU0113,"Efavirenz/Lamivudine/Tenofovir Disoproxil Fumarate 600/300/300mg, tablets, 30 Tabs",Generic,30,21384,217047.6,10.15,0.34,Mylan (formerly Matrix) Nashik,2406,4219.32,223.12
41279,South Africa,PMO - US,Direct Drop,DDP,Truck,24-Aug-15,24-Aug-15,ARV,Pediatric,PHARMACY DIRECT,SKU0144,"Atazanavir 150mg [Reyataz], capsules, 60 Caps",Reyataz,60,3,47.7,15.9,0.26,"BMS Evansville, US",Weight Captured Separately,Freight Included in Commodity Cost,0.05
41282,Uganda,PMO - US,Direct Drop,EXW,Air,7-Nov-13,7-Nov-13,HRDT,HIV test,BIO-RAD LABORATORIES (FRANCE),SKU0163,"HIV, Multispot HIV-1/HIV-2 Rapid Test Kit, 50 Tests",Multispot,50,31,38750,1250,25,Bio-Rad Laboratories,43,1324.43,47.93
41288,South Africa,PMO - US,Direct Drop,DDP,Ocean,2-Sep-11,2-Sep-11,ARV,Adult,STRIDES ARCOLAB LIMITED,SKU0003,"Lamivudine 150mg, tablets, 60 Tabs",Generic,60,75000,182250,2.43,0.04,"Strides, Bangalore, India.",3347,7414.66,300.71
41298,Mozambique,PMO - US,Direct Drop,FCA,Air,6-May-15,6-May-15,ARV,Adult,ABBVIE LOGISTICS (FORMERLY ABBOTT LOGISTICS BV),SKU0110,"Ritonavir 100mg [Norvir], film coated tablets, 60 Tabs",Norvir,60,120,822,6.85,0.11,ABBVIE Ludwigshafen Germany,Weight Captured Separately,Invoiced Separately,0.97
41301,South Africa,PMO - US,Direct Drop,DDP,Truck,12-Feb-15,12-Feb-15,ARV,Adult,PHARMACY DIRECT,SKU0115,"Etravirine 100mg [Intelence], tablets, 120 Tabs",Intelence,120,2,51.19,25.6,0.21,"Janssen-Cilag, Latina, IT",Weight Captured Separately,Freight Included in Commodity Cost,0.05
41302,Haiti,PMO - US,Direct Drop,EXW,Air,11-Mar-15,11-Mar-15,ARV,Adult,MYLAN LABORATORIES LTD (FORMERLY MATRIX LABORATORIES),SKU0113,"Efavirenz/Lamivudine/Tenofovir Disoproxil Fumarate 600/300/300mg, tablets, 30 Tabs",Generic,30,75000,768000,10.24,0.34,Mylan (formerly Matrix) Nashik,9057,55886.43,789.5
41304,Zimbabwe,PMO - US,Direct Drop,FCA,Air,22-Apr-15,22-Apr-15,ARV,Pediatric,ABBVIE LOGISTICS (FORMERLY ABBOTT LOGISTICS BV),SKU0045,"Lopinavir/Ritonavir 100/25mg [Aluvia], tablets, 60 Tabs",Generic,60,19922,118336.68,5.94,0.1,ABBVIE Ludwigshafen Germany,3991,34670.93,139.28
41368,Haiti,PMO - US,Direct Drop,FCA,Air,29-Jun-10,29-Jun-10,ARV,Pediatric,ABBVIE LOGISTICS (FORMERLY ABBOTT LOGISTICS BV),SKU0042,"Lopinavir/Ritonavir 80/20mg/ml [Kaletra], oral solution, cool, Bottle 5 x 60 ml",Kaletra,300,50,1808,36.16,0.12,ABBVIE (Abbott) Logis. UK,100,3806.01,3.9
41381,Haiti,PMO - US,Direct Drop,EXW,Ocean,7-Aug-13,7-Aug-13,ARV,Adult,Aurobindo Pharma Limited,SKU0003,"Lamivudine 150mg, tablets, 60 Tabs",Generic,60,2430,5224.5,2.15,0.04,"Aurobindo Unit III, India",See ASN-18919 (ID#:14578),See ASN-18919 (ID#:14578),6.46
41399,Haiti,PMO - US,Direct Drop,EXW,Air,24-Feb-15,24-Feb-15,ARV,Adult,HETERO LABS LIMITED,SKU0029,"Tenofovir Disoproxil Fumarate 300mg, tablets, 30 Tabs",Generic,30,384,1363.2,3.55,0.12,Hetero Unit III Hyderabad IN,42,2391.08,1.4
41414,South Africa,PMO - US,Direct Drop,DDP,Truck,27-Aug-14,27-Aug-14,ARV,Adult,S. BUYS WHOLESALER,SKU0026,"Efavirenz 600mg, tablets, 30 Tabs",Generic,30,257,4298.6,16.73,0.56,Hetero Unit III Hyderabad IN,Weight Captured Separately,Freight Included in Commodity Cost,5.32
41418,South Africa,PMO - US,Direct Drop,DDP,Truck,28-Oct-09,28-Oct-09,ARV,Pediatric,S. BUYS WHOLESALER,SKU0076,"Stavudine 1mg/ml, powder for oral solution, 200 ml",Generic,200,4500,12317.21,2.74,0.01,"Aurobindo Unit III, India",Weight Captured Separately,Freight Included in Commodity Cost,24.14
41431,Haiti,PMO - US,Direct Drop,EXW,Air,26-Mar-15,26-Mar-15,ARV,Adult,HETERO LABS LIMITED,SKU0014,"Zidovudine 300mg, tablets, 60 Tabs",Generic,60,990,5445,5.5,0.09,Hetero Unit III Hyderabad IN,69,694.54,5.6
41444,Vietnam,PMO - US,Direct Drop,EXW,Air,22-Jun-11,22-Jun-11,ARV,Adult,MYLAN LABORATORIES LTD (FORMERLY MATRIX LABORATORIES),SKU0011,"Lamivudine/Zidovudine 150/300mg, tablets, 60 Tabs",Generic,60,5070,41827.5,8.25,0.14,Mylan (formerly Matrix) Nashik,See ASN-11024 (ID#:15149),See ASN-11024 (ID#:15149),69.02
41474,Vietnam,PMO - US,Direct Drop,EXW,Air,9-Oct-12,9-Oct-12,ARV,Adult,MYLAN LABORATORIES LTD (FORMERLY MATRIX LABORATORIES),SKU0058,"Abacavir 300mg, tablets, 60 Tabs",Generic,60,169,2154.75,12.75,0.21,Mylan (formerly Matrix) Nashik,See ASN-16123 (ID#:20371),See ASN-16123 (ID#:20371),3.02
41500,South Africa,PMO - US,Direct Drop,DDP,Truck,1-Apr-10,1-Apr-10,ARV,Adult,S. BUYS WHOLESALER,SKU0004,"Stavudine 30mg, capsules, 60 Caps",Generic,60,1200,5558.6,4.63,0.08,"Aurobindo Unit III, India",Weight Captured Separately,Freight Included in Commodity Cost,11.98
41568,Vietnam,PMO - US,Direct Drop,EXW,Air,23-Aug-12,23-Aug-12,ARV,Pediatric,Aurobindo Pharma Limited,SKU0117,"Zidovudine 10mg/ml, oral solution w/syringe, Bottle, 240 ml",Generic,240,150,315,2.1,0.01,"Aurobindo Unit III, India",58,755.03,0.44
41578,Zimbabwe,PMO - US,Direct Drop,FCA,Air,9-Feb-13,9-Feb-13,ARV,Pediatric,ABBVIE LOGISTICS (FORMERLY ABBOTT LOGISTICS BV),SKU0042,"Lopinavir/Ritonavir 80/20mg/ml [Kaletra], oral solution, cool, Bottle 5 x 60 ml",Kaletra,300,1500,46230,30.82,0.1,ABBVIE (Abbott) Logis. UK,1374,15509.16,64.81
41584,Zambia,PMO - US,Direct Drop,EXW,Air,31-Oct-12,7-Nov-12,HRDT,HIV test,"Orgenics, Ltd",SKU0002,"HIV 1/2, Determine Complete HIV Kit, 100 Tests",Determine,100,3000,240000,80,0.8,"Alere Medical Co., Ltd.",1428,25760.94,336.48
41603,South Africa,PMO - US,Direct Drop,DDP,Truck,24-Aug-15,24-Aug-15,ARV,Adult,PHARMACY DIRECT,SKU0026,"Efavirenz 600mg, tablets, 30 Tabs",Generic,30,39,471.65,12.09,0.4,"Aurobindo Unit III, India",Weight Captured Separately,Freight Included in Commodity Cost,0.48
41623,South Africa,PMO - US,Direct Drop,DDP,Ocean,26-Apr-11,26-Apr-11,ARV,Adult,Aurobindo Pharma Limited,SKU0026,"Efavirenz 600mg, tablets, 30 Tabs",Generic,30,100591,455677.23,4.53,0.15,"Aurobindo Unit III, India",8635,11203.79,982.44
41640,South Sudan,PMO - US,Direct Drop,EXW,Air,25-Jul-15,25-Jul-15,HRDT,HIV test,"Trinity Biotech, Plc",SKU0009,"HIV 1/2, Uni-Gold HIV Kit, 20 Tests",Uni-Gold,20,450,14400,32,1.6,"Trinity Biotech, Plc",164,1871.07,16.95
41694,Haiti,PMO - US,Direct Drop,EXW,Air,26-Feb-15,26-Feb-15,HRDT,HIV test,"Orgenics, Ltd",SKU0002,"HIV 1/2, Determine Complete HIV Kit, 100 Tests",Determine,100,4500,450000,100,1,"Alere Medical Co., Ltd.",1825,15408.29,462.6
41697,Vietnam,PMO - US,Direct Drop,EXW,Air,9-Oct-12,9-Oct-12,ARV,Adult,HETERO LABS LIMITED,SKU0007,"Nevirapine 200mg, tablets, 60 Tabs",Generic,60,6414,14944.62,2.33,0.04,Hetero Unit III Hyderabad IN,425,1032.12,20.95
41723,Uganda,PMO - US,Direct Drop,FCA,Air,25-Apr-14,25-Apr-14,ARV,Pediatric,ABBVIE LOGISTICS (FORMERLY ABBOTT LOGISTICS BV),SKU0045,"Lopinavir/Ritonavir 100/25mg [Aluvia], tablets, 60 Tabs",Generic,60,1000,5940,5.94,0.1,ABBVIE Ludwigshafen Germany,116,1105.6,6.11
41780,South Africa,PMO - US,Direct Drop,DDP,Ocean,7-Apr-11,7-Apr-11,ARV,Adult,Aurobindo Pharma Limited,SKU0029,"Tenofovir Disoproxil Fumarate 300mg, tablets, 30 Tabs",Generic,30,120000,798000,6.65,0.22,"Aurobindo Unit III, India",11201,13084.26,1316.7
41784,South Africa,South Africa Field Office,Direct Drop,DDP,Truck,16-Apr-13,16-Apr-13,ARV,Adult,S. BUYS WHOLESALER,SKU0150,"Lamivudine/Zidovudine 150/300mg [Combivir], tablets, 60 Tabs",Combivir,60,7,117.6,16.8,0.28,"GSK, U1, Poznan, Poland",Weight Captured Separately,Freight Included in Commodity Cost,0.15
41791,Ghana,PMO - US,Direct Drop,EXW,Air,17-Jun-14,17-Jun-14,ARV,Adult,CIPLA LIMITED,SKU0132,"Efavirenz/Emtricitabine/Tenofovir Disoproxil Fumarate 600/200/300mg, tablets, 30 Tabs",Generic,30,24917,284053.8,11.4,0.38,"Cipla, Goa, India",3227,20654.13,292.01
41798,South Africa,PMO - US,Direct Drop,DDP,Ocean,31-Jan-11,1-Feb-11,ARV,Adult,Aurobindo Pharma Limited,SKU0003,"Lamivudine 150mg, tablets, 60 Tabs",Generic,60,17013,40320.81,2.37,0.04,"Aurobindo Unit III, India",See ASN-9195 (ID#:39724),See ASN-9195 (ID#:39724),86.93
41838,Uganda,PMO - US,Direct Drop,EXW,Air,27-Jul-12,27-Jul-12,ARV,Adult,HETERO LABS LIMITED,SKU0007,"Nevirapine 200mg, tablets, 60 Tabs",Generic,60,61290,143418.6,2.34,0.04,Hetero Unit III Hyderabad IN,3528,16938.13,201.07
41841,South Africa,PMO - US,Direct Drop,DDP,Truck,6-Feb-14,6-Feb-14,ARV,Adult,S. BUYS WHOLESALER,SKU0058,"Abacavir 300mg, tablets, 60 Tabs",Generic,60,53,3422.75,64.58,1.08,"Cipla, Patalganga, India",Weight Captured Separately,Freight Included in Commodity Cost,4.23
41852,South Africa,PMO - US,Direct Drop,DDP,Truck,12-Feb-15,12-Feb-15,ARV,Pediatric,PHARMACY DIRECT,SKU0048,"Lamivudine 10mg/ml, oral solution, Bottle, 240 ml",Generic,240,7,36.18,5.17,0.02,"Aurobindo Unit III, India",Weight Captured Separately,Freight Included in Commodity Cost,0.04
41875,South Africa,PMO - US,Direct Drop,DDP,Truck,13-Jan-14,13-Jan-14,ARV,Adult,S. BUYS WHOLESALER,SKU0134,"Didanosine 400mg, delayed-release capsules, 30 Caps",Generic,30,26,506.63,19.49,0.65,"Aurobindo Unit III, India",Weight Captured Separately,Freight Included in Commodity Cost,0.52
41878,Kenya,PMO - US,Direct Drop,EXW,Air,9-Aug-11,9-Aug-11,HRDT,HIV test,"Orgenics, Ltd",SKU0002,"HIV 1/2, Determine Complete HIV Kit, 100 Tests",Determine,100,7263,646407,89,0.89,Inverness Japan,2069,14307.97,1066.57
41892,Vietnam,PMO - US,Direct Drop,EXW,Air,28-Sep-13,28-Sep-13,ARV,Adult,HETERO LABS LIMITED,SKU0014,"Zidovudine 300mg, tablets, 60 Tabs",Generic,60,497,2857.75,5.75,0.1,Hetero Unit III Hyderabad IN,117,658.27,3.54
41902,Vietnam,PMO - US,Direct Drop,EXW,Air,7-Jan-14,7-Jan-14,ARV,Adult,HETERO LABS LIMITED,SKU0029,"Tenofovir Disoproxil Fumarate 300mg, tablets, 30 Tabs",Generic,30,13307,47239.85,3.55,0.12,Hetero Unit III Hyderabad IN,1018,1681.58,58.44
41905,Uganda,PMO - US,Direct Drop,EXW,Air,8-Apr-15,8-Apr-15,ARV,Pediatric,Aurobindo Pharma Limited,SKU0155,"Lopinavir/Ritonavir 100/25mg, tablets, 60 Tabs",Generic,60,2335,18773.4,8.04,0.13,"Aurobindo Unit III, India",237,1488.99,22.1
41910,Burundi,PMO - US,Direct Drop,EXW,Air,24-Mar-14,24-Mar-14,HRDT,HIV test,"Orgenics, Ltd",SKU0002,"HIV 1/2, Determine Complete HIV Kit, 100 Tests",Determine,100,675,54000,80,0.8,"Alere Medical Co., Ltd.",278,5626.76,55.51
41916,South Africa,PMO - US,Direct Drop,DDP,Ocean,10-Oct-11,10-Oct-11,ARV,Adult,Aurobindo Pharma Limited,SKU0026,"Efavirenz 600mg, tablets, 30 Tabs",Generic,30,48866,220385.66,4.51,0.15,"Aurobindo Unit III, India",4154,9951.37,363.64
41934,Burundi,PMO - US,Direct Drop,EXW,Air,9-May-14,9-May-14,HRDT,HIV test,"Orgenics, Ltd",SKU0002,"HIV 1/2, Determine Complete HIV Kit, 100 Tests",Determine,100,1128,90240,80,0.8,"Alere Medical Co., Ltd.",462,12205.04,92.77
41943,Vietnam,PMO - US,Direct Drop,EXW,Air,13-Jul-15,13-Jul-15,ARV,Adult,HETERO LABS LIMITED,SKU0113,"Efavirenz/Lamivudine/Tenofovir Disoproxil Fumarate 600/300/300mg, tablets, 30 Tabs",Generic,30,9600,96000,10,0.33,Hetero Unit III Hyderabad IN,Weight Captured Separately,Invoiced Separately,112.99
41953,Vietnam,PMO - US,Direct Drop,EXW,Air,19-Oct-11,19-Oct-11,ARV,Adult,HETERO LABS LIMITED,SKU0004,"Stavudine 30mg, capsules, 60 Caps",Generic,60,40000,58000,1.45,0.02,Hetero Unit III Hyderabad IN,2343,12751.68,95.7
41957,South Africa,PMO - US,Direct Drop,DDP,Truck,12-May-15,12-May-15,ARV,Adult,PHARMACY DIRECT,SKU0115,"Etravirine 100mg [Intelence], tablets, 120 Tabs",Intelence,120,2,51.19,25.6,0.21,"Janssen-Cilag, Latina, IT",Weight Captured Separately,Freight Included in Commodity Cost,0.05
41992,Nigeria,PMO - US,Direct Drop,EXW,Air,30-Jun-15,6-Jul-15,HRDT,HIV test,"Orgenics, Ltd",SKU0002,"HIV 1/2, Determine Complete HIV Kit, 100 Tests",Determine,100,4697,418033,89,0.89,"Alere Medical Co., Ltd.",Weight Captured Separately,Invoiced Separately,492.02
42215,South Sudan,PMO - US,Direct Drop,EXW,Air,2-Jul-15,7-Jul-15,HRDT,HIV test - Ancillary,"Orgenics, Ltd",SKU0136,"Chase Buffer, Determine, 100 Tests, 2.5ml x 1 Vial",Determine,1,50,250,5,5,"Alere Medical Co., Ltd.",See ASN-32107 (ID#:16391),See ASN-32107 (ID#:16391),0.29
42000,Kenya,PMO - US,Direct Drop,EXW,Air,24-Aug-13,24-Aug-13,HRDT,HIV test,"SHANGHAI KEHUA BIOENGINEERING CO.,LTD.  (KHB)",SKU0165,"HIV 1/2, SKB Colloidal Gold, Diagnostic Kit Set, (includes lancet, transfer pipette & alcohol prep pad), 50 Tests",Colloidal Gold,1,20000,600000,30,30,"KHB Test Kit Facility, Shanghai China",18580,241407.27,742.2
42030,South Sudan,PMO - US,Direct Drop,EXW,Air,8-May-15,8-May-15,HRDT,HIV test,"Trinity Biotech, Plc",SKU0009,"HIV 1/2, Uni-Gold HIV Kit, 20 Tests",Uni-Gold,20,18,576,32,1.6,"Trinity Biotech, Plc",See ASN-31129 (ID#:40205),See ASN-31129 (ID#:40205),0.68
42038,Kenya,PMO - US,Direct Drop,EXW,Air,16-Feb-10,19-Feb-10,HRDT,HIV test,"Orgenics, Ltd",SKU0002,"HIV 1/2, Determine Complete HIV Kit, 100 Tests",Determine,100,7888,631040,80,0.8,Inverness Japan,1357,12965.93,1360.52
42659,South Africa,PMO - US,Direct Drop,DDP,Ocean,16-Jan-12,23-Jan-12,ARV,Adult,Aurobindo Pharma Limited,SKU0026,"Efavirenz 600mg, tablets, 30 Tabs",Generic,30,35357,150620.82,4.26,0.14,"Aurobindo Unit III, India",2806,7292.27,248.52
42061,South Africa,PMO - US,Direct Drop,DDP,Truck,24-Aug-15,24-Aug-15,ARV,Adult,PHARMACY DIRECT,SKU0058,"Abacavir 300mg, tablets, 60 Tabs",Generic,60,88,4713.55,53.56,0.89,"Aurobindo Unit III, India",Weight Captured Separately,Freight Included in Commodity Cost,4.85
42073,Burkina Faso,PMO - US,Direct Drop,EXW,Air,11-Jul-15,11-Jul-15,ARV,Adult,HETERO LABS LIMITED,SKU0166,"Lamivudine 300mg, tablets, 30 Tabs",Generic,30,140,280,2,0.07,Hetero Unit III Hyderabad IN,Weight Captured Separately,Invoiced Separately,0.33
42094,South Africa,PMO - US,Direct Drop,DDP,Truck,6-Feb-14,6-Feb-14,ARV,Adult,S. BUYS WHOLESALER,SKU0004,"Stavudine 30mg, capsules, 60 Caps",Generic,60,1022,3808.14,3.73,0.06,"Aurobindo Unit III, India",Weight Captured Separately,Freight Included in Commodity Cost,4.71
42116,South Africa,PMO - US,Direct Drop,DDP,Truck,27-Oct-09,27-Oct-09,ARV,Pediatric,S. BUYS WHOLESALER,SKU0049,"Efavirenz 50mg, capsule, 30 Caps",Generic,30,500,2112.45,4.22,0.14,"Aurobindo Unit III, India",Weight Captured Separately,Freight Included in Commodity Cost,4.14
42125,Vietnam,PMO - US,Direct Drop,EXW,Air,22-Dec-10,22-Dec-10,ARV,Adult,STRIDES ARCOLAB LIMITED,SKU0003,"Lamivudine 150mg, tablets, 60 Tabs",Generic,60,15153,35609.55,2.35,0.04,"Strides, Bangalore, India.",3595,12632.99,76.77
42138,Vietnam,PMO - US,Direct Drop,EXW,Air,2-Feb-13,2-Feb-13,ARV,Pediatric,MYLAN LABORATORIES LTD (FORMERLY MATRIX LABORATORIES),SKU0140,"Lamivudine/Nevirapine/Zidovudine 30/50/60mg, dispersible tablets, 60 Tabs",Generic,60,12492,51841.8,4.15,0.07,Mylan (formerly Matrix) Nashik,See ASN-17806 (ID#:37475),See ASN-17806 (ID#:37475),72.68
42140,"Congo, DRC",PMO - US,Direct Drop,EXW,Air,4-Nov-14,4-Nov-14,HRDT,HIV test,"Trinity Biotech, Plc",SKU0009,"HIV 1/2, Uni-Gold HIV Kit, 20 Tests",Uni-Gold,20,39,1248,32,1.6,"Trinity Biotech, Plc",See ASN-28279 (ID#:13547),See ASN-28279 (ID#:13547),1.28
42156,Haiti,PMO - US,Direct Drop,EXW,Ocean,20-Apr-15,20-Apr-15,ARV,Adult,HETERO LABS LIMITED,SKU0107,"Lamivudine/Tenofovir Disoproxil Fumarate 300/300mg, tablets, 30 Tabs",Generic,30,18273,84421.26,4.62,0.15,Hetero Unit III Hyderabad IN,2001,7842.4,86.79
42159,Uganda,PMO - US,Direct Drop,CIP,Air,30-Jul-14,30-Jul-14,ARV,Adult,MERCK SHARP & DOHME IDEA GMBH (FORMALLY MERCK SHARP & DOHME B.V.),SKU0129,"Raltegravir 400mg [Isentress], tablets, 60 Tabs",Isentress,60,1300,72150,55.5,0.92,"MSD, Haarlem, NL",Weight Captured Separately,Freight Included in Commodity Cost,74.17
42179,South Africa,PMO - US,Direct Drop,DDP,Truck,27-Aug-14,27-Aug-14,ARV,Adult,S. BUYS WHOLESALER,SKU0007,"Nevirapine 200mg, tablets, 60 Tabs",Generic,60,22,433.8,19.72,0.33,"Aurobindo Unit III, India",Weight Captured Separately,Freight Included in Commodity Cost,0.54
42186,South Africa,PMO - US,Direct Drop,DDP,Truck,19-Feb-15,19-Feb-15,ARV,Pediatric,PHARMACY DIRECT,SKU0048,"Lamivudine 10mg/ml, oral solution, Bottle, 240 ml",Generic,240,3,21.46,7.15,0.03,"Aurobindo Unit III, India",Weight Captured Separately,Freight Included in Commodity Cost,0.02
42187,South Africa,PMO - US,Direct Drop,DDP,Air,9-Jun-10,11-Jun-10,ARV,Adult,Aurobindo Pharma Limited,SKU0007,"Nevirapine 200mg, tablets, 60 Tabs",Generic,60,40751,118992.92,2.92,0.05,"Aurobindo Unit III, India",4806,6369.79,256.55
42190,Vietnam,PMO - US,Direct Drop,EXW,Air,7-Sep-15,7-Sep-15,ARV,Adult,HETERO LABS LIMITED,SKU0003,"Lamivudine 150mg, tablets, 60 Tabs",Generic,60,5300,9540,1.8,0.03,Hetero Unit III Hyderabad IN,Weight Captured Separately,Invoiced Separately,11.23
42195,South Africa,South Africa Field Office,Direct Drop,DDP,Truck,16-Apr-13,16-Apr-13,ARV,Adult,S. BUYS WHOLESALER,SKU0029,"Tenofovir Disoproxil Fumarate 300mg, tablets, 30 Tabs",Generic,30,6304,129614.89,20.56,0.69,"Cipla, Goa, India",Weight Captured Separately,Freight Included in Commodity Cost,160.33
42221,Vietnam,PMO - US,Direct Drop,EXW,Air,19-Mar-10,19-Mar-10,ARV,Adult,Aurobindo Pharma Limited,SKU0058,"Abacavir 300mg, tablets, 60 Tabs",Generic,60,200,3780,18.9,0.32,"Aurobindo Unit III, India",See ASN-6266 (ID#:15368),See ASN-6266 (ID#:15368),7.41
42243,South Africa,PMO - US,Direct Drop,DDP,Truck,9-Mar-15,9-Mar-15,ARV,Adult,PHARMACY DIRECT,SKU0105,"Emtricitabine/Tenofovir Disoproxil Fumarate 200/300mg, tablets, 30 Tabs",Generic,30,9,196.47,21.83,0.73,"Aurobindo Unit III, India",Weight Captured Separately,Freight Included in Commodity Cost,0.2
42274,South Africa,PMO - US,Direct Drop,DDP,Ocean,13-Jun-11,15-Sep-11,ARV,Adult,Aurobindo Pharma Limited,SKU0029,"Tenofovir Disoproxil Fumarate 300mg, tablets, 30 Tabs",Generic,30,76097,506045.05,6.65,0.22,"Aurobindo Unit III, India",7105,6121.41,834.97
42275,Guyana,PMO - US,Direct Drop,EXW,Air,16-Oct-09,16-Oct-09,HRDT,HIV test,"Orgenics, Ltd",SKU0002,"HIV 1/2, Determine Complete HIV Kit, 100 Tests",Determine,100,507,36504,72,0.72,Inverness Japan,67,4400.85,71.55
42295,Vietnam,PMO - US,Direct Drop,EXW,Air,24-Dec-14,19-Dec-14,ARV,Adult,HETERO LABS LIMITED,SKU0113,"Efavirenz/Lamivudine/Tenofovir Disoproxil Fumarate 600/300/300mg, tablets, 30 Tabs",Generic,30,5280,55440,10.5,0.35,Hetero Unit III Hyderabad IN,1570,2690.2,56.99
42300,South Africa,PMO - US,Direct Drop,DDP,Truck,24-Aug-15,24-Aug-15,ARV,Adult,PHARMACY DIRECT,SKU0105,"Emtricitabine/Tenofovir Disoproxil Fumarate 200/300mg, tablets, 30 Tabs",Generic,30,10,234.38,23.44,0.78,"Aurobindo Unit III, India",Weight Captured Separately,Freight Included in Commodity Cost,0.24
42334,Sudan,PMO - US,Direct Drop,EXW,Air,7-May-10,7-May-10,HRDT,HIV test,"Standard Diagnostics, Inc.",SKU0019,"HIV 1/2, Bioline 3.0 Kit, Lancets, Capillary pipets, Alcohol swabs included, 25 Tests",Bioline,25,60,1200,20,0.8,"Standard Diagnostics, Korea",353,3843.25,2.59
42359,Côte d'Ivoire,PMO - US,Direct Drop,FCA,Air,12-Apr-11,12-Apr-11,ARV,Adult,ABBVIE LOGISTICS (FORMERLY ABBOTT LOGISTICS BV),SKU0110,"Ritonavir 100mg [Norvir], film coated tablets, 60 Tabs",Norvir,60,2706,18536.1,6.85,0.11,ABBVIE Ludwigshafen Germany,346,9539.6,39.96
42361,South Africa,PMO - US,Direct Drop,DDP,Truck,10-Dec-14,10-Dec-14,ARV,Adult,S. BUYS WHOLESALER,SKU0014,"Zidovudine 300mg, tablets, 60 Tabs",Generic,60,13,287.28,22.1,0.37,"Aurobindo Unit III, India",Weight Captured Separately,Freight Included in Commodity Cost,0.34
42394,Zimbabwe,PMO - US,Direct Drop,EXW,Air,18-Sep-12,18-Sep-12,HRDT,HIV test - Ancillary,"Orgenics, Ltd",SKU0136,"Chase Buffer, Determine, 100 Tests, 2.5ml x 1 Vial",Determine,1,5060,25300,5,5,"Alere Medical Co., Ltd.",2486,46552.3,35.47
42465,South Africa,PMO - US,Direct Drop,DDP,Air,15-Dec-10,8-Dec-10,ARV,Adult,Aurobindo Pharma Limited,SKU0014,"Zidovudine 300mg, tablets, 60 Tabs",Generic,60,8989,66788.27,7.43,0.12,"Aurobindo Unit III, India",454,3315.24,144
42499,Rwanda,PMO - US,Direct Drop,CIP,Air,13-Jun-10,13-Jun-10,ARV,Adult,HETERO LABS LIMITED,SKU0003,"Lamivudine 150mg, tablets, 60 Tabs",Generic,60,15030,38927.7,2.59,0.04,Hetero Unit III Hyderabad IN,933,3847.96,76.3
42505,South Africa,PMO - US,Direct Drop,DDP,Truck,29-Aug-14,29-Aug-14,ARV,Adult,S. BUYS WHOLESALER,SKU0105,"Emtricitabine/Tenofovir Disoproxil Fumarate 200/300mg, tablets, 30 Tabs",Generic,30,55,1833.08,33.33,1.11,"Aurobindo Unit III, India",Weight Captured Separately,Freight Included in Commodity Cost,2.27
42506,Uganda,PMO - US,Direct Drop,EXW,Air,3-Aug-12,3-Aug-12,ARV,Adult,HETERO LABS LIMITED,SKU0107,"Lamivudine/Tenofovir Disoproxil Fumarate 300/300mg, tablets, 30 Tabs",Generic,30,66960,320738.4,4.79,0.16,Hetero Unit III Hyderabad IN,7549,26095.99,449.68
42571,Pakistan,PMO - US,Direct Drop,EXW,Air,9-Sep-13,9-Sep-13,HRDT,HIV test,INVERNESS MEDICAL INNOVATIONS HONG KONG LTD,SKU0002,"HIV 1/2, Determine Complete HIV Kit, 100 Tests",Determine,100,4484,358720,80,0.8,"Alere Medical Co., Ltd.",1948,21689.39,502.93
42579,Haiti,PMO - US,Direct Drop,FCA,Air,20-Mar-13,20-Mar-13,ARV,Pediatric,ABBVIE LOGISTICS (FORMERLY ABBOTT LOGISTICS BV),SKU0045,"Lopinavir/Ritonavir 100/25mg [Aluvia], tablets, 60 Tabs",Generic,60,936,5559.84,5.94,0.1,ABBVIE Ludwigshafen Germany,128,1637.86,6.88
42655,Kenya,PMO - US,Direct Drop,EXW,Air,7-Jul-10,8-Jul-10,HRDT,HIV test,"Orgenics, Ltd",SKU0002,"HIV 1/2, Determine Complete HIV Kit, 100 Tests",Determine,100,6636,530880,80,0.8,Inverness Japan,1036,11163.27,1144.58
42667,South Africa,PMO - US,Direct Drop,DDP,Truck,24-Aug-15,24-Aug-15,ARV,Adult,PHARMACY DIRECT,SKU0058,"Abacavir 300mg, tablets, 60 Tabs",Generic,60,70,3749.42,53.56,0.89,"Aurobindo Unit III, India",Weight Captured Separately,Freight Included in Commodity Cost,3.85
42752,Haiti,PMO - US,Direct Drop,EXW,Ocean,19-Jul-14,19-Jul-14,ARV,Adult,CIPLA LIMITED,SKU0113,"Efavirenz/Lamivudine/Tenofovir Disoproxil Fumarate 600/300/300mg, tablets, 30 Tabs",Generic,30,60000,630000,10.5,0.35,Cipla Ltd A-42 MIDC Mahar. IN,8113,8217.8,647.64
42757,Côte d'Ivoire,PMO - US,Direct Drop,FCA,Air,9-Mar-11,9-Mar-11,ARV,Adult,ABBVIE LOGISTICS (FORMERLY ABBOTT LOGISTICS BV),SKU0110,"Ritonavir 100mg [Norvir], film coated tablets, 60 Tabs",Norvir,60,4014,27495.9,6.85,0.11,ABBVIE Ludwigshafen Germany,507,4520.66,59.28
42778,South Sudan,PMO - US,Direct Drop,EXW,Air,3-Jun-15,3-Jun-15,HRDT,HIV test - Ancillary,"Orgenics, Ltd",SKU0136,"Chase Buffer, Determine, 100 Tests, 2.5ml x 1 Vial",Determine,1,15,75,5,5,"Alere Medical Co., Ltd.",Weight Captured Separately,Invoiced Separately,0.09
42780,South Africa,PMO - US,Direct Drop,DDP,Ocean,2-Sep-11,2-Sep-11,ARV,Pediatric,Aurobindo Pharma Limited,SKU0049,"Efavirenz 50mg, capsule, 30 Caps",Generic,30,97753,238517.32,2.44,0.08,"Aurobindo Unit III, India",5778,14558.87,393.55
42797,South Africa,PMO - US,Direct Drop,DDP,Ocean,26-Jun-11,7-Apr-11,ARV,Adult,Aurobindo Pharma Limited,SKU0029,"Tenofovir Disoproxil Fumarate 300mg, tablets, 30 Tabs",Generic,30,130800,869820,6.65,0.22,"Aurobindo Unit III, India",12208,13829.57,1435.2
42811,Vietnam,PMO - US,Direct Drop,EXW,Air,13-Aug-10,13-Aug-10,ARV,Adult,Aurobindo Pharma Limited,SKU0069,"Didanosine 250mg, delayed-release capsules, 30 Caps",Generic,30,168,2184,13,0.43,"Aurobindo Unit III, India",2046,14405.31,4.71
42848,Tanzania,PMO - US,Direct Drop,FCA,Air,19-Jan-12,19-Jan-12,ARV,Pediatric,ABBVIE LOGISTICS (FORMERLY ABBOTT LOGISTICS BV),SKU0045,"Lopinavir/Ritonavir 100/25mg [Aluvia], tablets, 60 Tabs",Generic,60,405,3122.55,7.71,0.13,ABBVIE Ludwigshafen Germany,75,1262.36,5.15
42851,Sudan,PMO - US,Direct Drop,EXW,Air,6-Jan-12,6-Jan-12,HRDT,HIV test - Ancillary,"Orgenics, Ltd",SKU0084,"Capillary Tubes, for Determine, EDTA, 50uL,100 Pcs",Determine,100,1,8,8,0.08,"Alere Medical Co., Ltd.",2,885.49,0.01
42858,Rwanda,PMO - US,Direct Drop,CIP,Air,15-Apr-10,15-Apr-10,ARV,Adult,Aurobindo Pharma Limited,SKU0058,"Abacavir 300mg, tablets, 60 Tabs",Generic,60,12730,246070.9,19.33,0.32,"Aurobindo Unit III, India",See ASN-6489 (ID#:23365),See ASN-6489 (ID#:23365),482.3
42870,Vietnam,PMO - US,Direct Drop,EXW,Air,29-Jul-14,29-Jul-14,ARV,Adult,HETERO LABS LIMITED,SKU0003,"Lamivudine 150mg, tablets, 60 Tabs",Generic,60,6400,11840,1.85,0.03,Hetero Unit III Hyderabad IN,See ASN-26923 (ID#:13027),See ASN-26923 (ID#:13027),12.17
42882,South Africa,PMO - US,Direct Drop,DDP,Truck,17-Feb-14,17-Feb-14,ARV,Adult,PHARMACY DIRECT,SKU0026,"Efavirenz 600mg, tablets, 30 Tabs",Generic,30,2500,37672.35,15.07,0.5,Hetero Unit III Hyderabad IN,Weight Captured Separately,Freight Included in Commodity Cost,46.6
42912,Nigeria,PMO - US,Direct Drop,EXW,Air,3-Dec-12,3-Dec-12,ACT,ACT,NOVARTIS PHARMA SERVICES AG,SKU0128,"Artemether/Lumefantrine 20/120mg [Coartem], scored tablets, Blister 30 x 24 Tabs",Coartem,720,2500,105000,42,0.06,"Novartis Pharma Suffern, USA",1725,11954.71,147.21
42917,Vietnam,PMO - US,Direct Drop,EXW,Air,23-Apr-14,23-Apr-14,ARV,Adult,HETERO LABS LIMITED,SKU0003,"Lamivudine 150mg, tablets, 60 Tabs",Generic,60,9989,18479.65,1.85,0.03,Hetero Unit III Hyderabad IN,See ASN-24398 (ID#:18664),See ASN-24398 (ID#:18664),22.86
42980,Ethiopia,PMO - US,Direct Drop,EXW,Air,2-Apr-12,2-Apr-12,HRDT,HIV test,"SHANGHAI KEHUA BIOENGINEERING CO.,LTD.  (KHB)",SKU0063,"HIV 1/2, SKB Colloidal Gold, Diagnostic Kit, Antibody, 50 Tests",Colloidal Gold,1,924,22638,24.5,24.5,"KHB Test Kit Facility, Shanghai China",656,6488.44,31.74
42983,Côte d'Ivoire,PMO - US,Direct Drop,EXW,Air,23-Nov-12,23-Nov-12,ARV,Adult,MYLAN LABORATORIES LTD (FORMERLY MATRIX LABORATORIES),SKU0119,"Atazanavir/Ritonavir 300/100mg, tablets, 30 Tabs",Generic,30,939,21127.5,22.5,0.75,Mylan (formerly Matrix) Nashik,117,1766.57,29.62
42998,Vietnam,PMO - US,Direct Drop,EXW,Air,23-Oct-09,23-Oct-09,ARV,Adult,Aurobindo Pharma Limited,SKU0054,"Lamivudine/Nevirapine/Zidovudine 150/200/300mg, tablets, 60 Tabs",Generic,60,6500,72475,11.15,0.19,"Aurobindo Unit III, India",See ASN-5132 (ID#:22186),See ASN-5132 (ID#:22186),142.05
43045,Tanzania,PMO - US,Direct Drop,EXW,Air,6-Jun-11,6-Jun-11,HRDT,HIV test,"Standard Diagnostics, Inc.",SKU0019,"HIV 1/2, Bioline 3.0 Kit, Lancets, Capillary pipets, Alcohol swabs included, 25 Tests",Bioline,25,3399,67980,20,0.8,"Standard Diagnostics, Korea",1133,8509.57,112.17
43059,Haiti,PMO - US,Direct Drop,CIP,Air,17-Jul-12,17-Jul-12,ARV,Pediatric,MERCK SHARP & DOHME IDEA GMBH (FORMALLY MERCK SHARP & DOHME B.V.),SKU0102,"Efavirenz 30mg/ml [Stocrin/Sustiva], oral solution, Bottle, 180 ml",Stocrin/Sustiva,180,6705,113716.8,16.96,0.09,"MSD Patheon, Canada",1979,853.07,159.43
43060,Nigeria,PMO - US,Direct Drop,EXW,Air,9-Jan-13,26-Feb-13,HRDT,HIV test,"Orgenics, Ltd",SKU0002,"HIV 1/2, Determine Complete HIV Kit, 100 Tests",Determine,100,1960,174440,89,0.89,"Alere Medical Co., Ltd.",882,Freight Included in Commodity Cost,244.56
43079,Vietnam,PMO - US,Direct Drop,EXW,Air,28-Dec-12,28-Dec-12,ARV,Adult,Aurobindo Pharma Limited,SKU0007,"Nevirapine 200mg, tablets, 60 Tabs",Generic,60,14055,31623.75,2.25,0.04,"Aurobindo Unit III, India",1304,2220.86,44.34
43085,Lesotho,PMO - US,Direct Drop,EXW,Air,25-Apr-14,25-Apr-14,HRDT,HIV test,"Orgenics, Ltd",SKU0002,"HIV 1/2, Determine Complete HIV Kit, 100 Tests",Determine,100,2104,168320,80,0.8,"Alere Medical Co., Ltd.",856,11063.78,173.03
43116,South Africa,PMO - US,Direct Drop,DDP,Truck,6-Feb-14,6-Feb-14,ARV,Pediatric,S. BUYS WHOLESALER,SKU0130,"Lamivudine 10mg/ml, oral solution w/syringe, Bottle, 240 ml",Generic,240,44,311.64,7.08,0.03,"Aurobindo Unit III, India",Weight Captured Separately,Freight Included in Commodity Cost,0.39
43136,Kenya,PMO - US,Direct Drop,EXW,Air,18-Jan-10,18-Jan-10,HRDT,HIV test,"Orgenics, Ltd",SKU0002,"HIV 1/2, Determine Complete HIV Kit, 100 Tests",Determine,100,3000,240000,80,0.8,Inverness Japan,907,9014.8,470.4
43140,Tanzania,PMO - US,Direct Drop,EXW,Air,19-May-14,19-May-14,ARV,Adult,HETERO LABS LIMITED,SKU0007,"Nevirapine 200mg, tablets, 60 Tabs",Generic,60,96200,209716,2.18,0.04,Hetero Unit III Hyderabad IN,6320,33343.63,215.59
43210,Vietnam,PMO - US,Direct Drop,EXW,Air,10-Dec-12,10-Dec-12,ARV,Adult,Aurobindo Pharma Limited,SKU0054,"Lamivudine/Nevirapine/Zidovudine 150/200/300mg, tablets, 60 Tabs",Generic,60,12785,109951,8.6,0.14,"Aurobindo Unit III, India",See ASN-17077 (ID#:37031),See ASN-17077 (ID#:37031),154.15
43229,Côte d'Ivoire,PMO - US,Direct Drop,EXW,Air,24-Nov-10,24-Nov-10,HRDT,HIV test,"CHEMBIO DIAGNOSTIC SYSTEMS, INC.",SKU0016,"HIV 1/2, Stat-Pak HIV, Kit, 20 Tests",Stat-Pak,20,220,5940,27,1.35,Chembio Diagnostics Sys. Inc.,115,7883.32,12.81
43244,Guyana,PMO - US,Direct Drop,FCA,Air,30-Nov-11,30-Nov-11,ARV,Adult,ABBVIE LOGISTICS (FORMERLY ABBOTT LOGISTICS BV),SKU0008,"Lopinavir/Ritonavir 200/50mg [Aluvia], tablets, 120 Tabs",Aluvia,120,2245,184539,82.2,0.68,ABBVIE Ludwigshafen Germany,598,5178.47,304.49
43250,South Sudan,PMO - US,Direct Drop,EXW,Air,18-Oct-13,18-Oct-13,HRDT,HIV test,"Trinity Biotech, Plc",SKU0009,"HIV 1/2, Uni-Gold HIV Kit, 20 Tests",Uni-Gold,20,25,800,32,1.6,"Trinity Biotech, Plc",See ASN-21751 (ID#:13968),See ASN-21751 (ID#:13968),0.99
43272,South Africa,PMO - US,Direct Drop,DDP,Truck,28-Apr-15,28-Apr-15,ARV,Adult,PHARMACY DIRECT,SKU0003,"Lamivudine 150mg, tablets, 60 Tabs",Generic,60,80,731.44,9.14,0.15,"Aurobindo Unit III, India",Weight Captured Separately,Freight Included in Commodity Cost,0.75
43286,Haiti,PMO - US,Direct Drop,EXW,Ocean,22-Oct-12,22-Oct-12,ARV,Adult,MYLAN LABORATORIES LTD (FORMERLY MATRIX LABORATORIES),SKU0113,"Efavirenz/Lamivudine/Tenofovir Disoproxil Fumarate 600/300/300mg, tablets, 30 Tabs",Generic,30,33480,435240,13,0.43,Mylan (formerly Matrix) Nashik,See ASN-15571 (ID#:21091),See ASN-15571 (ID#:21091),610.21
43344,"Congo, DRC",PMO - US,Direct Drop,EXW,Air,28-Nov-13,28-Nov-13,ARV,Pediatric,Aurobindo Pharma Limited,SKU0120,"Nevirapine 50mg, dispersible tablets (tablets for oral suspension), 30 Tabs",Generic,30,1014,1267.5,1.25,0.04,"Aurobindo Unit III, India",See ASN-20218 (ID#:20450),See ASN-20218 (ID#:20450),1.57
43347,Haiti,PMO - US,Direct Drop,EXW,Air,18-Jan-12,18-Jan-12,ANTM,Malaria,AMSTELFARMA B.V.,SKU0164,"Chloroquine 150mg base (as phosphate), tablets, 1000 Tabs",Generic,1000,3000,27750,9.25,0.01,"Medopharm Malur Factory, INDIA",See ASN-13412 (ID#:16085),See ASN-13412 (ID#:16085),38.91
43383,Uganda,PMO - US,Direct Drop,EXW,Air,28-Apr-10,28-Apr-10,ARV,Adult,Aurobindo Pharma Limited,SKU0069,"Didanosine 250mg, delayed-release capsules, 30 Caps",Generic,30,60,780,13,0.43,"Aurobindo Unit III, India",4,1045.04,1.68
43390,South Africa,PMO - US,Direct Drop,DDP,Air,12-Aug-11,12-Aug-11,ARV,Pediatric,GLAXOSMITHKLINE EXPORT LIMITED,SKU0087,"Abacavir 20mg/ml [Ziagen], oral solution, Bottle, 240 ml",Ziagen,240,60000,601200,10.02,0.04,GSK Mississauga (Canada),22956,27372.24,991.98
43425,Kenya,PMO - US,Direct Drop,EXW,Air,16-Feb-10,19-Feb-10,HRDT,HIV test,"Orgenics, Ltd",SKU0002,"HIV 1/2, Determine Complete HIV Kit, 100 Tests",Determine,100,7110,568800,80,0.8,Inverness Japan,1224,11847.25,1226.33
43430,South Africa,PMO - US,Direct Drop,DDP,Ocean,5-Apr-11,5-Apr-11,ARV,Adult,CIPLA LIMITED,SKU0029,"Tenofovir Disoproxil Fumarate 300mg, tablets, 30 Tabs",Generic,30,105707,725150.02,6.86,0.23,"Cipla, Goa, India",7092,7704.77,1196.5
43443,Kenya,PMO - US,Direct Drop,EXW,Air,7-Jul-10,7-Jul-10,HRDT,HIV test,"Orgenics, Ltd",SKU0002,"HIV 1/2, Determine Complete HIV Kit, 100 Tests",Determine,100,3,240,80,0.8,Inverness Japan,1302,12678.52,0.52
43450,South Africa,PMO - US,Direct Drop,DDP,Truck,27-Aug-14,27-Aug-14,ARV,Pediatric,S. BUYS WHOLESALER,SKU0066,"Efavirenz 200mg, capsule, 90 Caps",Generic,90,25,659.22,26.37,0.29,"Aurobindo Unit III, India",Weight Captured Separately,Freight Included in Commodity Cost,0.82
43480,South Africa,PMO - US,Direct Drop,DDP,Air,13-Dec-10,13-Dec-10,ARV,Pediatric,Aurobindo Pharma Limited,SKU0126,"Nevirapine 10mg/ml, oral suspension w/syringe, Bottle, 240 ml",Generic,240,19098,60158.7,3.15,0.01,"Aurobindo Unit III, India",7367,3444.28,129.7
43486,Vietnam,PMO - US,Direct Drop,FCA,Air,15-Jan-15,15-Jan-15,ARV,Adult,ABBVIE LOGISTICS (FORMERLY ABBOTT LOGISTICS BV),SKU0118,"Ritonavir 100mg [Norvir], film coated tablets, 30 Tabs",Norvir,30,200,4652,23.26,0.78,ABBVIE Ludwigshafen Germany,22,1475.95,4.78
43507,South Africa,PMO - US,Direct Drop,DDP,Truck,9-Mar-15,9-Mar-15,ARV,Pediatric,PHARMACY DIRECT,SKU0071,"Abacavir 20mg/ml, oral solution, Bottle, 240 ml",Generic,240,13,230.24,17.71,0.07,"Aurobindo Unit III, India",Weight Captured Separately,Freight Included in Commodity Cost,0.24
43526,Uganda,PMO - US,Direct Drop,EXW,Air,13-Nov-14,13-Nov-14,HRDT,HIV test,"Orgenics, Ltd",SKU0002,"HIV 1/2, Determine Complete HIV Kit, 100 Tests",Determine,100,4000,320000,80,0.8,"Alere Medical Co., Ltd.",1624,14692.8,328.96
43534,Mozambique,PMO - US,Direct Drop,EXW,Air,22-Apr-15,22-Apr-15,HRDT,HIV test,"Orgenics, Ltd",SKU0002,"HIV 1/2, Determine Complete HIV Kit, 100 Tests",Determine,100,5500,440000,80,0.8,"Alere Medical Co., Ltd.",2139,19193.57,517.88
43537,South Africa,PMO - US,Direct Drop,DDP,Truck,12-May-15,12-May-15,ARV,Adult,PHARMACY DIRECT,SKU0027,"Saquinavir 200mg [Invirase], capsules, 270 Caps",Invirase,270,27,1498.82,55.51,0.21,Roche Madrid,Weight Captured Separately,Freight Included in Commodity Cost,1.54
43600,Vietnam,PMO - US,Direct Drop,EXW,Air,23-Apr-14,23-Apr-14,ARV,Adult,HETERO LABS LIMITED,SKU0029,"Tenofovir Disoproxil Fumarate 300mg, tablets, 30 Tabs",Generic,30,12317,43725.35,3.55,0.12,Hetero Unit III Hyderabad IN,See ASN-24398 (ID#:18664),See ASN-24398 (ID#:18664),54.09
43628,Botswana,PMO - US,Direct Drop,EXW,Air,13-Sep-10,13-Sep-10,HRDT,HIV test - Ancillary,"Trinity Biotech, Plc",SKU0039,"#109436**HIV 1, Uni-Gold Recombigen HIV Control, Vial 2 x 0.5 ml",Uni-Gold,2,15,465,31,15.5,"Trinity Biotech, Plc",5,592.46,1
43634,South Sudan,PMO - US,Direct Drop,EXW,Air,16-May-13,16-May-13,HRDT,HIV test,"Trinity Biotech, Plc",SKU0009,"HIV 1/2, Uni-Gold HIV Kit, 20 Tests",Uni-Gold,20,52,1664,32,1.6,"Trinity Biotech, Plc",24,1170.36,2.06
43906,South Africa,PMO - US,Direct Drop,DDP,Truck,28-Apr-15,28-Apr-15,ARV,Pediatric,PHARMACY DIRECT,SKU0071,"Abacavir 20mg/ml, oral solution, Bottle, 240 ml",Generic,240,16,392.16,24.51,0.1,"Aurobindo Unit III, India",Weight Captured Separately,Freight Included in Commodity Cost,0.4
43635,Vietnam,PMO - US,Direct Drop,EXW,Air,13-Jun-14,13-Jun-14,ARV,Adult,MYLAN LABORATORIES LTD (FORMERLY MATRIX LABORATORIES),SKU0113,"Efavirenz/Lamivudine/Tenofovir Disoproxil Fumarate 600/300/300mg, tablets, 30 Tabs",Generic,30,13907,155063.05,11.15,0.37,Mylan (formerly Matrix) Nashik,1578,2689.85,191.81
43643,South Africa,PMO - US,Direct Drop,DDP,Truck,31-May-10,31-May-10,ARV,Pediatric,S. BUYS WHOLESALER,SKU0047,"Lamivudine 10mg/ml [Epivir], oral solution, Bottle, 240 ml",Epivir,240,500,3093.93,6.19,0.03,GSK Mississauga (Canada),Weight Captured Separately,Freight Included in Commodity Cost,6.67
43693,Zambia,PMO - US,Direct Drop,EXW,Air,29-May-15,29-May-15,HRDT,HIV test,"Trinity Biotech, Plc",SKU0009,"HIV 1/2, Uni-Gold HIV Kit, 20 Tests",Uni-Gold,20,8000,256000,32,1.6,"Trinity Biotech, Plc",2328,14581.51,301.31
43714,Nigeria,PMO - US,Direct Drop,EXW,Air,1-Aug-12,30-Aug-12,HRDT,HIV test,"Orgenics, Ltd",SKU0002,"HIV 1/2, Determine Complete HIV Kit, 100 Tests",Determine,100,8149,725261,89,0.89,"Alere Medical Co., Ltd.",3886,86928.23,1016.82
43749,"Congo, DRC",PMO - US,Direct Drop,EXW,Air,4-Nov-14,4-Nov-14,HRDT,HIV test,"Trinity Biotech, Plc",SKU0009,"HIV 1/2, Uni-Gold HIV Kit, 20 Tests",Uni-Gold,20,65,2080,32,1.6,"Trinity Biotech, Plc",See ASN-28279 (ID#:13547),See ASN-28279 (ID#:13547),2.14
43762,South Africa,PMO - US,Direct Drop,DDP,Truck,5-Aug-14,5-Aug-14,ARV,Adult,PHARMACY DIRECT,SKU0115,"Etravirine 100mg [Intelence], tablets, 120 Tabs",Intelence,120,12,425.03,35.42,0.3,"Janssen-Cilag, Latina, IT",Weight Captured Separately,Freight Included in Commodity Cost,0.44
43786,Uganda,PMO - US,Direct Drop,EXW,Air,18-Jun-13,18-Jun-13,HRDT,HIV test,"Trinity Biotech, Plc",SKU0009,"HIV 1/2, Uni-Gold HIV Kit, 20 Tests",Uni-Gold,20,427,13664,32,1.6,"Trinity Biotech, Plc",139,2473.96,16.9
43805,Haiti,PMO - US,Direct Drop,EXW,Ocean,20-Oct-14,20-Oct-14,ARV,Adult,HETERO LABS LIMITED,SKU0011,"Lamivudine/Zidovudine 150/300mg, tablets, 60 Tabs",Generic,60,9227,60990.47,6.61,0.11,Hetero Unit III Hyderabad IN,813,1922.5,62.7
43807,South Africa,PMO - US,Direct Drop,DDP,Ocean,13-Oct-11,13-Oct-11,ARV,Pediatric,Aurobindo Pharma Limited,SKU0126,"Nevirapine 10mg/ml, oral suspension w/syringe, Bottle, 240 ml",Generic,240,10603,23962.78,2.26,0.01,"Aurobindo Unit III, India",3818,11234.1,39.54
43812,Rwanda,PMO - US,Direct Drop,CIP,Air,13-Apr-10,13-Apr-10,ARV,Adult,Aurobindo Pharma Limited,SKU0058,"Abacavir 300mg, tablets, 60 Tabs",Generic,60,10620,205284.6,19.33,0.32,"Aurobindo Unit III, India",1050,18475.61,402.36
43827,"Congo, DRC",PMO - US,Direct Drop,EXW,Air,5-Sep-14,5-Sep-14,HRDT,HIV test,"Trinity Biotech, Plc",SKU0009,"HIV 1/2, Uni-Gold HIV Kit, 20 Tests",Uni-Gold,20,6,192,32,1.6,"Trinity Biotech, Plc",See ASN-26738 (ID#:15115),See ASN-26738 (ID#:15115),0.2
43834,Namibia,PMO - US,Direct Drop,EXW,Air,25-Nov-14,25-Nov-14,ARV,Adult,MYLAN LABORATORIES LTD (FORMERLY MATRIX LABORATORIES),SKU0132,"Efavirenz/Emtricitabine/Tenofovir Disoproxil Fumarate 600/200/300mg, tablets, 30 Tabs",Generic,30,29160,306180,10.5,0.35,"Mylan,  H-12 & H-13, India",3402,17118.8,314.75
43875,South Africa,PMO - US,Direct Drop,DDP,Truck,25-Jun-14,25-Jun-14,ARV,Adult,PHARMACY DIRECT,SKU0007,"Nevirapine 200mg, tablets, 60 Tabs",Generic,60,23,408.18,17.75,0.3,"Aurobindo Unit III, India",Weight Captured Separately,Freight Included in Commodity Cost,0.42
43892,South Africa,PMO - US,Direct Drop,DDP,Truck,10-Dec-14,10-Dec-14,ARV,Adult,S. BUYS WHOLESALER,SKU0134,"Didanosine 400mg, delayed-release capsules, 30 Caps",Generic,30,12,209.09,17.42,0.58,"Aurobindo Unit III, India",Weight Captured Separately,Freight Included in Commodity Cost,0.25
43897,Zambia,PMO - US,Direct Drop,EXW,Air,18-Mar-10,18-Mar-10,HRDT,HIV test,"Orgenics, Ltd",SKU0002,"HIV 1/2, Determine Complete HIV Kit, 100 Tests",Determine,100,2161,155592,72,0.72,Inverness Japan,1051,16633.36,335.46
43905,Nigeria,PMO - US,Direct Drop,EXW,Air,19-Mar-14,19-Mar-14,HRDT,HIV test,"Trinity Biotech, Plc",SKU0009,"HIV 1/2, Uni-Gold HIV Kit, 20 Tests",Uni-Gold,20,24250,776000,32,1.6,"Trinity Biotech, Plc",7080,70509.14,959.91
43912,Haiti,PMO - US,Direct Drop,EXW,Air,11-May-15,11-May-15,ARV,Adult,Aurobindo Pharma Limited,SKU0011,"Lamivudine/Zidovudine 150/300mg, tablets, 60 Tabs",Generic,60,1217,8239.09,6.77,0.11,"Aurobindo Unit III, India",124,976.44,8.47
43918,South Africa,PMO - US,Direct Drop,DDP,Truck,19-Feb-15,19-Feb-15,ARV,Pediatric,PHARMACY DIRECT,SKU0066,"Efavirenz 200mg, capsule, 90 Caps",Generic,90,3,70.76,23.59,0.26,"Aurobindo Unit III, India",Weight Captured Separately,Freight Included in Commodity Cost,0.07
43928,South Africa,PMO - US,Direct Drop,DDP,Truck,27-Aug-14,27-Aug-14,ARV,Adult,S. BUYS WHOLESALER,SKU0029,"Tenofovir Disoproxil Fumarate 300mg, tablets, 30 Tabs",Generic,30,98,2214.85,22.6,0.75,"Aurobindo Unit III, India",Weight Captured Separately,Freight Included in Commodity Cost,2.74
43929,Uganda,PMO - US,Direct Drop,FCA,Air,14-Jan-12,14-Jan-12,ARV,Adult,Hoffmann-La Roche ltd Basel,SKU0141,"Saquinavir 500mg [Invirase], tablets, 120 Tabs",Invirase,120,98,12362.16,126.14,1.05,Roche Basel,18,586.16,20.4
43932,South Africa,PMO - US,Direct Drop,DDP,Truck,27-Aug-14,27-Aug-14,ARV,Adult,S. BUYS WHOLESALER,SKU0011,"Lamivudine/Zidovudine 150/300mg, tablets, 60 Tabs",Generic,60,55,1814.33,32.99,0.55,Hetero Unit III Hyderabad IN,Weight Captured Separately,Freight Included in Commodity Cost,2.24
43970,Tanzania,PMO - US,Direct Drop,EXW,Ocean,29-Dec-10,29-Dec-10,ARV,Adult,MYLAN LABORATORIES LTD (FORMERLY MATRIX LABORATORIES),SKU0132,"Efavirenz/Emtricitabine/Tenofovir Disoproxil Fumarate 600/200/300mg, tablets, 30 Tabs",Generic,30,53149,1057665.1,19.9,0.66,Mylan (formerly Matrix) Nashik,5803,27478.63,2280.33
43972,South Africa,PMO - US,Direct Drop,DDP,Truck,28-Apr-15,28-Apr-15,ARV,Adult,PHARMACY DIRECT,SKU0026,"Efavirenz 600mg, tablets, 30 Tabs",Generic,30,60,935.7,15.6,0.52,"Aurobindo Unit III, India",Weight Captured Separately,Freight Included in Commodity Cost,0.96
43989,Tanzania,PMO - US,Direct Drop,CIP,Air,11-Aug-09,11-Aug-09,ARV,Adult,BRISTOL-MYERS SQUIBB,SKU0032,"Didanosine EC 400mg [Videx EC], delayed-release capsules, Blister 3 x 10 Caps",Videx EC,30,3000,71010,23.67,0.79,"BMS Meymac, France",363,777,139.18
43998,South Africa,PMO - US,Direct Drop,DDP,Ocean,14-Sep-11,14-Sep-11,ARV,Pediatric,Aurobindo Pharma Limited,SKU0049,"Efavirenz 50mg, capsule, 30 Caps",Generic,30,45232,110366.08,2.44,0.08,"Aurobindo Unit III, India",2674,5301.65,182.1
44031,South Africa,PMO - US,Direct Drop,DDP,Truck,29-Aug-14,29-Aug-14,ARV,Adult,S. BUYS WHOLESALER,SKU0069,"Didanosine 250mg, delayed-release capsules, 30 Caps",Generic,30,8,134.55,16.82,0.56,"Aurobindo Unit III, India",Weight Captured Separately,Freight Included in Commodity Cost,0.17
44045,Uganda,PMO - US,Direct Drop,EXW,Air,11-Nov-09,11-Nov-09,ARV,Pediatric,EMCURE PHARMACEUTICALS LTD,SKU0143,"Atazanavir 150mg, capsules, 60 Caps",Generic,60,46,1200.14,26.09,0.43,"Emcure Plot No.P-2, I.T-B.T. Park, Phase II, MIDC, Hinjwadi, Pune, India",3,986.79,2.35
44068,Vietnam,PMO - US,Direct Drop,EXW,Air,23-Mar-15,23-Mar-15,ARV,Adult,MYLAN LABORATORIES LTD (FORMERLY MATRIX LABORATORIES),SKU0113,"Efavirenz/Lamivudine/Tenofovir Disoproxil Fumarate 600/300/300mg, tablets, 30 Tabs",Generic,30,21384,217047.6,10.15,0.34,Mylan (formerly Matrix) Nashik,2406,4219.32,223.12
44082,Nigeria,PMO - US,Direct Drop,EXW,Air,9-Jul-14,9-Jul-14,HRDT,HIV test,"Orgenics, Ltd",SKU0002,"HIV 1/2, Determine Complete HIV Kit, 100 Tests",Determine,100,11054,983806,89,0.89,"Alere Medical Co., Ltd.",4495,67915.7,1011.35
44092,Guyana,PMO - US,Direct Drop,EXW,Air,12-Jan-11,12-Jan-11,HRDT,HIV test - Ancillary,"CHEMBIO DIAGNOSTIC SYSTEMS, INC.",SKU0167,"HIV 1/2, Stat-Pak Buffer Only, 20 Tests",Stat-Pak,1,40,100,2.5,2.5,Chembio Diagnostics Sys. Inc.,2,281.61,0.16
44099,Haiti,PMO - US,Direct Drop,FCA,Air,20-Jun-13,20-Jun-13,ARV,Pediatric,ABBVIE LOGISTICS (FORMERLY ABBOTT LOGISTICS BV),SKU0045,"Lopinavir/Ritonavir 100/25mg [Aluvia], tablets, 60 Tabs",Generic,60,612,3635.28,5.94,0.1,ABBVIE Ludwigshafen Germany,76,1286.68,4.5
44105,Haiti,PMO - US,Direct Drop,FCA,Air,7-Jul-15,7-Jul-15,ARV,Adult,ABBVIE LOGISTICS (FORMERLY ABBOTT LOGISTICS BV),SKU0110,"Ritonavir 100mg [Norvir], film coated tablets, 60 Tabs",Norvir,60,350,2397.5,6.85,0.11,ABBVIE Ludwigshafen Germany,51,4126.9,2.46
44121,Swaziland,PMO - US,Direct Drop,EXW,Air,30-Nov-13,30-Nov-13,HRDT,HIV test,"Trinity Biotech, Plc",SKU0009,"HIV 1/2, Uni-Gold HIV Kit, 20 Tests",Uni-Gold,20,200,6400,32,1.6,"Trinity Biotech, Plc",Weight Captured Separately,Invoiced Separately,7.92
44131,South Africa,PMO - US,Direct Drop,DDP,Truck,10-Dec-14,10-Dec-14,ARV,Adult,S. BUYS WHOLESALER,SKU0058,"Abacavir 300mg, tablets, 60 Tabs",Generic,60,82,5009.96,61.1,1.02,"Aurobindo Unit III, India",Weight Captured Separately,Freight Included in Commodity Cost,5.9
44180,Cameroon,PMO - US,Direct Drop,EXW,Air,18-Oct-13,18-Oct-13,ARV,Adult,Aurobindo Pharma Limited,SKU0007,"Nevirapine 200mg, tablets, 60 Tabs",Generic,60,19429,43715.25,2.25,0.04,"Aurobindo Unit III, India",See ASN-21698 (ID#:33964),See ASN-21698 (ID#:33964),54.08
44183,South Africa,PMO - US,Direct Drop,DDP,Truck,19-Oct-09,19-Oct-09,ARV,Adult,S. BUYS WHOLESALER,SKU0031,"Didanosine EC 250mg [Videx EC], delayed-release capsules, Blister 3 x 10 Caps",Videx EC,30,60,1327.39,22.12,0.74,"BMS Meymac, France",Weight Captured Separately,Freight Included in Commodity Cost,2.6
44204,South Africa,PMO - US,Direct Drop,DDP,Truck,17-Feb-14,17-Feb-14,ARV,Adult,PHARMACY DIRECT,SKU0061,"Lamivudine 150mg [Epivir], tablets, 60 Tabs",Epivir,60,2500,21941.29,8.78,0.15,GSK Cape Town Factory (South Africa),Weight Captured Separately,Freight Included in Commodity Cost,27.14
44209,Tanzania,PMO - US,Direct Drop,EXW,Air,11-Apr-14,11-Apr-14,ARV,Adult,Aurobindo Pharma Limited,SKU0014,"Zidovudine 300mg, tablets, 60 Tabs",Generic,60,31528,171197.04,5.43,0.09,"Aurobindo Unit III, India",1899,10879.44,211.77
44247,South Africa,PMO - US,Direct Drop,DDP,Truck,27-Aug-14,27-Aug-14,ARV,Adult,S. BUYS WHOLESALER,SKU0134,"Didanosine 400mg, delayed-release capsules, 30 Caps",Generic,30,9,196.8,21.87,0.73,"Aurobindo Unit III, India",Weight Captured Separately,Freight Included in Commodity Cost,0.24
44263,Zambia,PMO - US,Direct Drop,EXW,Air,23-Jul-13,23-Jul-13,HRDT,HIV test,"Trinity Biotech, Plc",SKU0009,"HIV 1/2, Uni-Gold HIV Kit, 20 Tests",Uni-Gold,20,2730,87360,32,1.6,"Trinity Biotech, Plc",890,11367.59,108.06
44265,Rwanda,PMO - US,Direct Drop,CIP,Air,8-Feb-11,8-Feb-11,ARV,Adult,Aurobindo Pharma Limited,SKU0134,"Didanosine 400mg, delayed-release capsules, 30 Caps",Generic,30,276,6187.92,22.42,0.75,"Aurobindo Unit III, India",Weight Captured Separately,Freight Included in Commodity Cost,12.13
44304,Nigeria,PMO - US,Direct Drop,EXW,Air,19-Aug-14,19-Aug-14,HRDT,HIV test,"Orgenics, Ltd",SKU0002,"HIV 1/2, Determine Complete HIV Kit, 100 Tests",Determine,100,4758,423462,89,0.89,"Alere Medical Co., Ltd.",1934,28895.07,435.32
44307,South Africa,PMO - US,Direct Drop,DDP,Ocean,7-Apr-11,9-May-11,ARV,Adult,Aurobindo Pharma Limited,SKU0029,"Tenofovir Disoproxil Fumarate 300mg, tablets, 30 Tabs",Generic,30,39878,265188.7,6.65,0.22,"Aurobindo Unit III, India",Weight Captured Separately,Freight Included in Commodity Cost,437.56
44315,Guyana,PMO - US,Direct Drop,EXW,Air,20-Nov-12,20-Nov-12,HRDT,HIV test,"Orgenics, Ltd",SKU0002,"HIV 1/2, Determine Complete HIV Kit, 100 Tests",Determine,100,90,9000,100,1,"Alere Medical Co., Ltd.",41,1182.5,12.62
44330,South Africa,PMO - US,Direct Drop,DDP,Truck,27-Aug-14,27-Aug-14,ARV,Pediatric,S. BUYS WHOLESALER,SKU0130,"Lamivudine 10mg/ml, oral solution w/syringe, Bottle, 240 ml",Generic,240,14,111.95,8,0.03,"Aurobindo Unit III, India",Weight Captured Separately,Freight Included in Commodity Cost,0.14
44340,South Africa,PMO - US,Direct Drop,DDP,Truck,3-Oct-14,3-Oct-14,ARV,Adult,PHARMACY DIRECT,SKU0003,"Lamivudine 150mg, tablets, 60 Tabs",Generic,60,51,466.28,9.14,0.15,"Aurobindo Unit III, India",Weight Captured Separately,Freight Included in Commodity Cost,0.48
44363,Dominican Republic,PMO - US,Direct Drop,EXW,Air,4-Oct-13,4-Oct-13,ARV,Adult,EMCURE PHARMACEUTICALS LTD,SKU0159,"Atazanavir 300mg, capsules, 30 Caps",Generic,30,1902,38040,20,0.67,"Emcure Plot No.P-2, I.T-B.T. Park, Phase II, MIDC, Hinjwadi, Pune, India",170,1965.62,47.06
44373,Vietnam,PMO - US,Direct Drop,EXW,Air,1-Mar-12,1-Mar-12,ARV,Adult,Aurobindo Pharma Limited,SKU0003,"Lamivudine 150mg, tablets, 60 Tabs",Generic,60,13000,29900,2.3,0.04,"Aurobindo Unit III, India",See ASN-13475 (ID#:15772),See ASN-13475 (ID#:15772),49.34
44393,Zambia,PMO - US,Direct Drop,EXW,Air,12-May-15,8-May-15,HRDT,HIV test,"Orgenics, Ltd",SKU0002,"HIV 1/2, Determine Complete HIV Kit, 100 Tests",Determine,100,5538,443040,80,0.8,"Alere Medical Co., Ltd.",5538,25380.88,455.45
44448,South Africa,PMO - US,Direct Drop,DDP,Ocean,13-Dec-11,13-Dec-11,ARV,Adult,CIPLA LIMITED,SKU0007,"Nevirapine 200mg, tablets, 60 Tabs",Generic,60,104636,284609.92,2.72,0.05,"Cipla, Goa, India",11275,8527.46,469.61
44463,South Africa,PMO - US,Direct Drop,DDP,Truck,29-Aug-14,29-Aug-14,ARV,Adult,S. BUYS WHOLESALER,SKU0003,"Lamivudine 150mg, tablets, 60 Tabs",Generic,60,608,5932.29,9.76,0.16,Hetero Unit III Hyderabad IN,Weight Captured Separately,Freight Included in Commodity Cost,7.34
44486,South Africa,PMO - US,Direct Drop,DDP,Truck,6-Feb-14,6-Feb-14,ARV,Pediatric,S. BUYS WHOLESALER,SKU0049,"Efavirenz 50mg, capsule, 30 Caps",Generic,30,182,541.83,2.98,0.1,"Aurobindo Unit III, India",Weight Captured Separately,Freight Included in Commodity Cost,0.67
44501,Vietnam,PMO - US,Direct Drop,FCA,Air,11-Dec-12,11-Dec-12,ARV,Pediatric,ABBVIE LOGISTICS (FORMERLY ABBOTT LOGISTICS BV),SKU0045,"Lopinavir/Ritonavir 100/25mg [Aluvia], tablets, 60 Tabs",Generic,60,396,6023.16,15.21,0.25,ABBVIE Ludwigshafen Germany,53,439.17,8.44
44516,Côte d'Ivoire,PMO - US,Direct Drop,EXW,Air,26-Apr-13,26-Apr-13,HRDT,HIV test,"Orgenics, Ltd",SKU0002,"HIV 1/2, Determine Complete HIV Kit, 100 Tests",Determine,100,2104,168320,80,0.8,"Alere Medical Co., Ltd.",917,16661.34,208.21
44567,Rwanda,PMO - US,Direct Drop,EXW,Air,9-Sep-12,9-Sep-12,ARV,Adult,Aurobindo Pharma Limited,SKU0007,"Nevirapine 200mg, tablets, 60 Tabs",Generic,60,57961,130412.25,2.25,0.04,"Aurobindo Unit III, India",5525,43237.33,182.84
44577,Zimbabwe,PMO - US,Direct Drop,FCA,Air,13-Dec-12,13-Dec-12,ARV,Pediatric,ABBVIE LOGISTICS (FORMERLY ABBOTT LOGISTICS BV),SKU0042,"Lopinavir/Ritonavir 80/20mg/ml [Kaletra], oral solution, cool, Bottle 5 x 60 ml",Kaletra,300,1024,31559.68,30.82,0.1,ABBVIE (Abbott) Logis. UK,1014,Freight Included in Commodity Cost,44.25
44597,"Congo, DRC",PMO - US,Direct Drop,EXW,Air,2-Jul-15,2-Jul-15,HRDT,HIV test,"Trinity Biotech, Plc",SKU0009,"HIV 1/2, Uni-Gold HIV Kit, 20 Tests",Uni-Gold,20,39,1248,32,1.6,"Trinity Biotech, Plc",See ASN-31750 (ID#:19272),See ASN-31750 (ID#:19272),1.47
44612,Vietnam,PMO - US,Direct Drop,EXW,Air,9-Nov-10,9-Nov-10,ARV,Adult,MYLAN LABORATORIES LTD (FORMERLY MATRIX LABORATORIES),SKU0026,"Efavirenz 600mg, tablets, 30 Tabs",Generic,30,40890,175827,4.3,0.14,Mylan (formerly Matrix) Nashik,3329,10455.35,379.08
44615,Vietnam,PMO - US,Direct Drop,EXW,Air,3-Sep-15,3-Sep-15,ARV,Adult,HETERO LABS LIMITED,SKU0003,"Lamivudine 150mg, tablets, 60 Tabs",Generic,60,5700,10260,1.8,0.03,Hetero Unit III Hyderabad IN,Weight Captured Separately,Invoiced Separately,12.08
44630,Vietnam,PMO - US,Direct Drop,EXW,Air,13-Jul-13,13-Jul-13,ARV,Adult,MYLAN LABORATORIES LTD (FORMERLY MATRIX LABORATORIES),SKU0113,"Efavirenz/Lamivudine/Tenofovir Disoproxil Fumarate 600/300/300mg, tablets, 30 Tabs",Generic,30,30339,348595.11,11.49,0.38,Mylan (formerly Matrix) Nashik,3419,15006.27,431.21
44643,Vietnam,PMO - US,Direct Drop,EXW,Air,13-Jul-15,13-Jul-15,ARV,Adult,HETERO LABS LIMITED,SKU0058,"Abacavir 300mg, tablets, 60 Tabs",Generic,60,2000,21900,10.95,0.18,Hetero Unit III Hyderabad IN,See ASN-32258 (ID#:29880),See ASN-32258 (ID#:29880),25.78
44694,Botswana,PMO - US,Direct Drop,EXW,Air,30-Nov-09,30-Nov-09,HRDT,HIV test - Ancillary,Orasure Technologies Inc.,SKU0096,"#109435**HIV, OraQuick Controls Kit, 3 Vials",OraQuick,3,10,250,25,8.33,"Orasure Technologies, Inc USA",6,304.76,0.49
44702,Ethiopia,PMO - US,Direct Drop,EXW,Air,30-Jul-13,30-Jul-13,HRDT,HIV test,"SHANGHAI KEHUA BIOENGINEERING CO.,LTD.  (KHB)",SKU0063,"HIV 1/2, SKB Colloidal Gold, Diagnostic Kit, Antibody, 50 Tests",Colloidal Gold,1,4162,101969,24.5,24.5,"KHB Test Kit Facility, Shanghai China",2777,34137.03,126.14
44724,Vietnam,PMO - US,Direct Drop,EXW,Air,1-Sep-15,1-Sep-15,ARV,Adult,Aurobindo Pharma Limited,SKU0026,"Efavirenz 600mg, tablets, 30 Tabs",Generic,30,3000,9900,3.3,0.11,"Aurobindo Unit III, India",Weight Captured Separately,Invoiced Separately,11.65
44737,Vietnam,PMO - US,Direct Drop,EXW,Air,16-May-12,16-May-12,ARV,Adult,MYLAN LABORATORIES LTD (FORMERLY MATRIX LABORATORIES),SKU0029,"Tenofovir Disoproxil Fumarate 300mg, tablets, 30 Tabs",Generic,30,20142,99702.9,4.95,0.16,Mylan (formerly Matrix) Nashik,6142,13850.65,139.78
44778,Côte d'Ivoire,PMO - US,Direct Drop,CIP,Air,1-Jul-11,1-Jul-11,ARV,Pediatric,MERCK SHARP & DOHME IDEA GMBH (FORMALLY MERCK SHARP & DOHME B.V.),SKU0102,"Efavirenz 30mg/ml [Stocrin/Sustiva], oral solution, Bottle, 180 ml",Stocrin/Sustiva,180,3399,57647.04,16.96,0.09,"MSD, Haarlem, NL",1014,2093.32,95.12
44783,Côte d'Ivoire,PMO - US,Direct Drop,EXW,Air,30-Jun-11,30-Jun-11,HRDT,HIV test,"Standard Diagnostics, Inc.",SKU0086,"HIV 1/2, Bioline 3.0 Kit, (no accessories), 30 Tests",Bioline,30,2418,58032,24,0.8,"Standard Diagnostics, Korea",859,7894.76,95.75
44808,Tanzania,PMO - US,Direct Drop,EXW,Air,25-Jul-12,25-Jul-12,HRDT,HIV test,"Orgenics, Ltd",SKU0002,"HIV 1/2, Determine Complete HIV Kit, 100 Tests",Determine,100,1387,110960,80,0.8,"Alere Medical Co., Ltd.",662,12035.47,155.57
44816,Nigeria,PMO - US,Direct Drop,EXW,Air,19-Jan-15,16-Jan-15,HRDT,HIV test,"Orgenics, Ltd",SKU0002,"HIV 1/2, Determine Complete HIV Kit, 100 Tests",Determine,100,6158,548062,89,0.89,"Alere Medical Co., Ltd.",2493,31090.27,563.41
44855,South Africa,PMO - US,Direct Drop,DDP,Truck,12-Feb-15,12-Feb-15,ARV,Adult,PHARMACY DIRECT,SKU0003,"Lamivudine 150mg, tablets, 60 Tabs",Generic,60,189,1248.67,6.61,0.11,"Aurobindo Unit III, India",Weight Captured Separately,Freight Included in Commodity Cost,1.28
44860,Vietnam,PMO - US,Direct Drop,EXW,Air,7-Sep-15,7-Sep-15,ARV,Adult,HETERO LABS LIMITED,SKU0113,"Efavirenz/Lamivudine/Tenofovir Disoproxil Fumarate 600/300/300mg, tablets, 30 Tabs",Generic,30,2196,20862,9.5,0.32,Hetero Unit III Hyderabad IN,Weight Captured Separately,Invoiced Separately,24.55
44908,Mozambique,PMO - US,Direct Drop,CIP,Air,4-Dec-09,4-Dec-09,ARV,Adult,GLAXOSMITHKLINE EXPORT LIMITED,SKU0078,"Abacavir/Lamivudine/Zidovudine 300/150/300mg [Trizivir], tablets, 60 Tabs",Trizivir,60,1020,54784.2,53.71,0.9,GSK Ware (UK),Weight Captured Separately,Freight Included in Commodity Cost,107.38
44913,South Africa,South Africa Field Office,Direct Drop,DDP,Truck,16-Apr-13,16-Apr-13,ARV,Adult,S. BUYS WHOLESALER,SKU0008,"Lopinavir/Ritonavir 200/50mg [Aluvia], tablets, 120 Tabs",Aluvia,120,62,1549.54,24.99,0.21,ABBVIE Ludwigshafen Germany,Weight Captured Separately,Freight Included in Commodity Cost,1.92
44920,Vietnam,PMO - US,Direct Drop,EXW,Air,18-May-10,18-May-10,ARV,Adult,Aurobindo Pharma Limited,SKU0004,"Stavudine 30mg, capsules, 60 Caps",Generic,60,9744,14128.8,1.45,0.02,"Aurobindo Unit III, India",656,6158,30.46
44922,Haiti,PMO - US,Direct Drop,DDP,Truck,28-Jun-12,5-Jul-12,HRDT,HIV test,REINBOLD EXPORT IMPORT,SKU0002,"HIV 1/2, Determine Complete HIV Kit, 100 Tests",Determine,100,1250,160937.5,128.75,1.29,"Alere Medical Co., Ltd.",Weight Captured Separately,Freight Included in Commodity Cost,225.63
44930,Nigeria,PMO - US,Direct Drop,EXW,Air,18-Sep-13,18-Sep-13,HRDT,HIV test,"Orgenics, Ltd",SKU0002,"HIV 1/2, Determine Complete HIV Kit, 100 Tests",Determine,100,3055,271895,89,0.89,"Alere Medical Co., Ltd.",1241,13325.59,336.33
44942,Nigeria,PMO - US,Direct Drop,FCA,Air,8-Feb-11,8-Feb-11,ARV,Adult,ABBVIE LOGISTICS (FORMERLY ABBOTT LOGISTICS BV),SKU0052,"Ritonavir 100mg [Norvir], capsules, cool, 4 x 84 Caps",Norvir,336,273,10472.28,38.36,0.11,ABBVIE (Abbott) Logis. UK,520,3759.22,22.58
44962,Uganda,PMO - US,Direct Drop,FCA,Air,4-May-12,4-May-12,ARV,Pediatric,ABBVIE LOGISTICS (FORMERLY ABBOTT LOGISTICS BV),SKU0045,"Lopinavir/Ritonavir 100/25mg [Aluvia], tablets, 60 Tabs",Generic,60,210,1554,7.4,0.12,ABBVIE Ludwigshafen Germany,36,677.4,2.18
44964,South Africa,PMO - US,Direct Drop,DDP,Air,24-Aug-10,11-Aug-10,ARV,Adult,Aurobindo Pharma Limited,SKU0003,"Lamivudine 150mg, tablets, 60 Tabs",Generic,60,33972,85949.16,2.53,0.04,"Aurobindo Unit III, India",1823,1791.42,185.31
45020,South Africa,PMO - US,Direct Drop,DDP,Truck,5-Aug-14,5-Aug-14,ARV,Adult,PHARMACY DIRECT,SKU0129,"Raltegravir 400mg [Isentress], tablets, 60 Tabs",Isentress,60,20,1599.83,79.99,1.33,"MSD, Haarlem, NL",Weight Captured Separately,Freight Included in Commodity Cost,1.64
45034,South Africa,PMO - US,Direct Drop,DDP,Truck,3-Sep-09,3-Sep-09,ARV,Adult,S. BUYS WHOLESALER,SKU0056,"Ritonavir 100mg [Norvir], capsules, cool, 84 Caps",Norvir,84,40,431.92,10.8,0.13,ABBVIE (Abbott) Logis. UK,Weight Captured Separately,Freight Included in Commodity Cost,0.85
45048,South Africa,PMO - US,Direct Drop,DDP,Truck,6-Feb-14,6-Feb-14,ARV,Adult,S. BUYS WHOLESALER,SKU0004,"Stavudine 30mg, capsules, 60 Caps",Generic,60,408,1608.59,3.94,0.07,"Aurobindo Unit III, India",Weight Captured Separately,Freight Included in Commodity Cost,1.99
45057,South Africa,PMO - US,Direct Drop,DDP,Truck,29-Aug-14,29-Aug-14,ARV,Adult,S. BUYS WHOLESALER,SKU0026,"Efavirenz 600mg, tablets, 30 Tabs",Generic,30,1043,17283.85,16.57,0.55,Hetero Unit III Hyderabad IN,Weight Captured Separately,Freight Included in Commodity Cost,21.38
45090,South Africa,South Africa Field Office,Direct Drop,DDP,Truck,16-Apr-13,16-Apr-13,ARV,Adult,S. BUYS WHOLESALER,SKU0029,"Tenofovir Disoproxil Fumarate 300mg, tablets, 30 Tabs",Generic,30,621,12768.22,20.56,0.69,"Aurobindo Unit III, India",Weight Captured Separately,Freight Included in Commodity Cost,15.79
45143,South Africa,PMO - US,Direct Drop,DDP,Truck,29-Aug-14,29-Aug-14,ARV,Adult,S. BUYS WHOLESALER,SKU0134,"Didanosine 400mg, delayed-release capsules, 30 Caps",Generic,30,17,368.99,21.71,0.72,"Aurobindo Unit III, India",Weight Captured Separately,Freight Included in Commodity Cost,0.46
45147,Uganda,PMO - US,Direct Drop,EXW,Air,27-Jul-15,27-Jul-15,ARV,Adult,EMCURE PHARMACEUTICALS LTD,SKU0119,"Atazanavir/Ritonavir 300/100mg, tablets, 30 Tabs",Generic,30,6907,124326,18,0.6,"Emcure Plot No.P-2, I.T-B.T. Park, Phase II, MIDC, Hinjwadi, Pune, India",Weight Captured Separately,Invoiced Separately,146.33
45149,Vietnam,PMO - US,Direct Drop,EXW,Air,11-Feb-11,11-Feb-11,ARV,Adult,Aurobindo Pharma Limited,SKU0069,"Didanosine 250mg, delayed-release capsules, 30 Caps",Generic,30,300,3900,13,0.43,"Aurobindo Unit III, India",21,3657.69,8.41
45150,South Sudan,PMO - US,Direct Drop,EXW,Air,16-Aug-13,16-Aug-13,HRDT,HIV test - Ancillary,"Orgenics, Ltd",SKU0136,"Chase Buffer, Determine, 100 Tests, 2.5ml x 1 Vial",Determine,1,116,580,5,5,"Alere Medical Co., Ltd.",See ASN-19143 (ID#:26345),See ASN-19143 (ID#:26345),0.72
45158,Vietnam,PMO - US,Direct Drop,FCA,Air,31-Jul-10,31-Jul-10,ARV,Adult,ABBVIE LOGISTICS (FORMERLY ABBOTT LOGISTICS BV),SKU0008,"Lopinavir/Ritonavir 200/50mg [Aluvia], tablets, 120 Tabs",Aluvia,120,1010,83022,82.2,0.68,ABBVIE Ludwigshafen Germany,255,8227.99,179
45160,South Sudan,PMO - US,Direct Drop,EXW,Air,4-Jun-12,4-Jun-12,HRDT,HIV test,"Trinity Biotech, Plc",SKU0009,"HIV 1/2, Uni-Gold HIV Kit, 20 Tests",Uni-Gold,20,176,5632,32,1.6,"Trinity Biotech, Plc",71,1743.35,7.9
45168,South Africa,PMO - US,Direct Drop,DDP,Truck,6-Feb-14,6-Feb-14,ARV,Adult,S. BUYS WHOLESALER,SKU0011,"Lamivudine/Zidovudine 150/300mg, tablets, 60 Tabs",Generic,60,920,25777.7,28.02,0.47,"Cipla, Goa, India",Weight Captured Separately,Freight Included in Commodity Cost,31.89
45178,South Sudan,PMO - US,Direct Drop,EXW,Air,8-Nov-13,8-Nov-13,HRDT,HIV test,"Orgenics, Ltd",SKU0002,"HIV 1/2, Determine Complete HIV Kit, 100 Tests",Determine,100,450,40050,89,0.89,"Alere Medical Co., Ltd.",188,2997.85,49.54
45197,South Africa,PMO - US,Direct Drop,DDP,Truck,24-Aug-15,24-Aug-15,ARV,Adult,PHARMACY DIRECT,SKU0011,"Lamivudine/Zidovudine 150/300mg, tablets, 60 Tabs",Generic,60,27,620.91,23,0.38,"Aurobindo Unit III, India",Weight Captured Separately,Freight Included in Commodity Cost,0.64
45202,South Africa,South Africa Field Office,Direct Drop,DDP,Truck,16-Apr-13,16-Apr-13,ARV,Pediatric,S. BUYS WHOLESALER,SKU0087,"Abacavir 20mg/ml [Ziagen], oral solution, Bottle, 240 ml",Ziagen,240,1021,23275.52,22.8,0.1,GSK Mississauga (Canada),Weight Captured Separately,Freight Included in Commodity Cost,28.79
45248,Mozambique,PMO - US,Direct Drop,EXW,Air,2-Apr-14,2-Apr-14,HRDT,HIV test,"Trinity Biotech, Plc",SKU0009,"HIV 1/2, Uni-Gold HIV Kit, 20 Tests",Uni-Gold,20,5673,181536,32,1.6,"Trinity Biotech, Plc",1674,10780.63,186.62
45267,Mozambique,PMO - US,Direct Drop,EXW,Air,17-Mar-13,17-Mar-13,HRDT,HIV test,"Trinity Biotech, Plc",SKU0009,"HIV 1/2, Uni-Gold HIV Kit, 20 Tests",Uni-Gold,20,151,4832,32,1.6,"Trinity Biotech, Plc",54,1032.57,5.98
45278,South Africa,PMO - US,Direct Drop,DDP,Truck,27-Aug-14,27-Aug-14,ARV,Adult,S. BUYS WHOLESALER,SKU0008,"Lopinavir/Ritonavir 200/50mg [Aluvia], tablets, 120 Tabs",Aluvia,120,23,592.47,25.76,0.21,ABBVIE Ludwigshafen Germany,Weight Captured Separately,Freight Included in Commodity Cost,0.73
45287,South Africa,PMO - US,Direct Drop,DDP,Ocean,14-Sep-11,14-Sep-11,ARV,Pediatric,Aurobindo Pharma Limited,SKU0066,"Efavirenz 200mg, capsule, 90 Caps",Generic,90,25000,204250,8.17,0.09,"Aurobindo Unit III, India",3313,5192.74,337.01
45292,Haiti,PMO - US,Direct Drop,EXW,Air,23-Jun-14,23-Jun-14,ARV,Pediatric,MYLAN LABORATORIES LTD (FORMERLY MATRIX LABORATORIES),SKU0138,"Abacavir/Lamivudine 60/30mg, tablets, 60 Tabs",Generic,60,3024,11944.8,3.95,0.07,Mylan (formerly Matrix) Nashik,140,1694.3,14.78
45320,South Africa,PMO - US,Direct Drop,DDP,Truck,27-Aug-14,27-Aug-14,ARV,Adult,S. BUYS WHOLESALER,SKU0007,"Nevirapine 200mg, tablets, 60 Tabs",Generic,60,33,650.7,19.72,0.33,"Aurobindo Unit III, India",Weight Captured Separately,Freight Included in Commodity Cost,0.8
45327,Namibia,PMO - US,Direct Drop,EXW,Air,25-Nov-14,25-Nov-14,ARV,Adult,MYLAN LABORATORIES LTD (FORMERLY MATRIX LABORATORIES),SKU0132,"Efavirenz/Emtricitabine/Tenofovir Disoproxil Fumarate 600/200/300mg, tablets, 30 Tabs",Generic,30,17640,185220,10.5,0.35,"Mylan,  H-12 & H-13, India",See ASN-29183 (ID#:31368),See ASN-29183 (ID#:31368),190.41
45343,Vietnam,PMO - US,Direct Drop,EXW,Air,5-Dec-13,5-Dec-13,ARV,Adult,MICRO LABS LIMITED,SKU0003,"Lamivudine 150mg, tablets, 60 Tabs",Generic,60,11507,20367.39,1.77,0.03,"Micro labs, Verna, Goa, India",539,1666.35,25.19
45347,South Africa,PMO - US,Direct Drop,DDP,Truck,27-Aug-14,27-Aug-14,ARV,Adult,S. BUYS WHOLESALER,SKU0058,"Abacavir 300mg, tablets, 60 Tabs",Generic,60,50,3857.34,77.15,1.29,"Aurobindo Unit III, India",Weight Captured Separately,Freight Included in Commodity Cost,4.77
45348,South Africa,PMO - US,Direct Drop,DDP,Truck,24-Jul-15,24-Jul-15,ARV,Adult,PHARMACY DIRECT,SKU0121,"Darunavir 600mg [Prezista], tablets, 60 Tabs",Prezista,60,37,1874.52,50.66,0.84,"Janssen-Cilag, Latina, IT",Weight Captured Separately,Freight Included in Commodity Cost,1.93
45361,South Africa,PMO - US,Direct Drop,DDP,Truck,27-Oct-09,27-Oct-09,ARV,Adult,S. BUYS WHOLESALER,SKU0008,"Lopinavir/Ritonavir 200/50mg [Aluvia], tablets, 120 Tabs",Aluvia,120,3500,152545.53,43.58,0.36,ABBVIE Ludwigshafen Germany,Weight Captured Separately,Freight Included in Commodity Cost,298.99
45377,South Africa,PMO - US,Direct Drop,DDP,Truck,29-Aug-14,29-Aug-14,ARV,Adult,S. BUYS WHOLESALER,SKU0058,"Abacavir 300mg, tablets, 60 Tabs",Generic,60,86,6545.32,76.11,1.27,"Aurobindo Unit III, India",Weight Captured Separately,Freight Included in Commodity Cost,8.1
45400,Vietnam,PMO - US,Direct Drop,FCA,Air,3-Nov-09,3-Nov-09,ARV,Adult,ABBVIE LOGISTICS (FORMERLY ABBOTT LOGISTICS BV),SKU0052,"Ritonavir 100mg [Norvir], capsules, cool, 4 x 84 Caps",Norvir,336,40,3068.8,76.72,0.23,ABBVIE (Abbott) Logis. UK,114,4410.73,6.01
45440,Rwanda,PMO - US,Direct Drop,EXW,Air,6-May-14,6-May-14,ARV,Pediatric,Aurobindo Pharma Limited,SKU0126,"Nevirapine 10mg/ml, oral suspension w/syringe, Bottle, 240 ml",Generic,240,6821,10299.71,1.51,0.01,"Aurobindo Unit III, India",2686,Freight Included in Commodity Cost,10.59
45442,South Africa,PMO - US,Direct Drop,DDP,Ocean,5-Oct-11,20-Sep-11,ARV,Adult,Aurobindo Pharma Limited,SKU0029,"Tenofovir Disoproxil Fumarate 300mg, tablets, 30 Tabs",Generic,30,137130,911914.5,6.65,0.22,"Aurobindo Unit III, India",45800,9726.53,1504.66
45460,South Africa,PMO - US,Direct Drop,DDP,Truck,12-May-15,12-May-15,ARV,Adult,PHARMACY DIRECT,SKU0011,"Lamivudine/Zidovudine 150/300mg, tablets, 60 Tabs",Generic,60,3,64.23,21.41,0.36,"Aurobindo Unit III, India",Weight Captured Separately,Freight Included in Commodity Cost,0.07
45505,South Sudan,PMO - US,Direct Drop,EXW,Air,18-Oct-12,18-Oct-12,HRDT,HIV test,"Trinity Biotech, Plc",SKU0009,"HIV 1/2, Uni-Gold HIV Kit, 20 Tests",Uni-Gold,20,47,1504,32,1.6,"Trinity Biotech, Plc",15,870.22,2.11
45536,South Africa,South Africa Field Office,Direct Drop,DDP,Truck,16-Apr-13,16-Apr-13,ARV,Adult,S. BUYS WHOLESALER,SKU0067,"Nevirapine 200mg [Viramune], tablets, 60 Tabs",Viramune,60,2,36.18,18.09,0.3,"Boehringer Ing., Koropi, GR",Weight Captured Separately,Freight Included in Commodity Cost,0.04
45540,Vietnam,PMO - US,Direct Drop,EXW,Air,18-Aug-14,18-Aug-14,ARV,Adult,MYLAN LABORATORIES LTD (FORMERLY MATRIX LABORATORIES),SKU0054,"Lamivudine/Nevirapine/Zidovudine 150/200/300mg, tablets, 60 Tabs",Generic,60,12100,98010,8.1,0.13,Mylan (formerly Matrix) Nashik,1685,3251.35,100.75
45608,Kenya,PMO - US,Direct Drop,EXW,Air,11-Sep-09,11-Sep-09,HRDT,HIV test,"Trinity Biotech, Plc",SKU0009,"HIV 1/2, Uni-Gold HIV Kit, 20 Tests",Uni-Gold,20,500,16000,32,1.6,"Trinity Biotech, Plc",170,2865.63,31.36
45609,Zimbabwe,PMO - US,Direct Drop,EXW,Air,14-May-15,14-May-15,HRDT,HIV test - Ancillary,"Orgenics, Ltd",SKU0136,"Chase Buffer, Determine, 100 Tests, 2.5ml x 1 Vial",Determine,1,5000,25000,5,5,"Alere Medical Co., Ltd.",See ASN-31132 (ID#:36641),See ASN-31132 (ID#:36641),29.42
45640,South Africa,PMO - US,Direct Drop,DDP,Truck,10-Feb-14,10-Feb-14,ARV,Pediatric,"RAININ INSTRUMENT, LLC.",SKU0042,"Lopinavir/Ritonavir 80/20mg/ml [Kaletra], oral solution, cool, Bottle 5 x 60 ml",Kaletra,300,2,46.9,23.45,0.08,ABBVIE (Abbott) Logis. UK,Weight Captured Separately,Freight Included in Commodity Cost,0.06
45644,Côte d'Ivoire,PMO - US,Direct Drop,EXW,Air,20-Jun-14,20-Jun-14,ARV,Adult,Aurobindo Pharma Limited,SKU0069,"Didanosine 250mg, delayed-release capsules, 30 Caps",Generic,30,2000,15160,7.58,0.25,"Aurobindo Unit III, India",150,1789.85,15.58
45648,"Congo, DRC",PMO - US,Direct Drop,EXW,Air,4-Apr-14,4-Apr-14,HRDT,HIV test,"Trinity Biotech, Plc",SKU0009,"HIV 1/2, Uni-Gold HIV Kit, 20 Tests",Uni-Gold,20,90,2880,32,1.6,"Trinity Biotech, Plc",See ASN-24721 (ID#:13708),See ASN-24721 (ID#:13708),2.96
45652,South Africa,South Africa Field Office,Direct Drop,DDP,Truck,16-Apr-13,16-Apr-13,ARV,Adult,S. BUYS WHOLESALER,SKU0105,"Emtricitabine/Tenofovir Disoproxil Fumarate 200/300mg, tablets, 30 Tabs",Generic,30,3,91.69,30.56,1.02,"Aurobindo Unit III, India",Weight Captured Separately,Freight Included in Commodity Cost,0.11
45695,Haiti,PMO - US,Direct Drop,EXW,Air,18-Aug-12,18-Aug-12,ARV,Pediatric,Aurobindo Pharma Limited,SKU0049,"Efavirenz 50mg, capsule, 30 Caps",Generic,30,1764,3951.36,2.24,0.07,"Aurobindo Unit III, India",106,1615.07,5.54
45705,South Africa,PMO - US,Direct Drop,DDP,Ocean,7-Apr-11,13-Jun-11,ARV,Adult,Aurobindo Pharma Limited,SKU0029,"Tenofovir Disoproxil Fumarate 300mg, tablets, 30 Tabs",Generic,30,28907,192231.55,6.65,0.22,"Aurobindo Unit III, India",Weight Captured Separately,Freight Included in Commodity Cost,317.18
45723,South Sudan,PMO - US,Direct Drop,EXW,Air,24-Jan-14,24-Jan-14,HRDT,HIV test - Ancillary,"Orgenics, Ltd",SKU0084,"Capillary Tubes, for Determine, EDTA, 50uL,100 Pcs",Determine,100,115,920,8,0.08,"Alere Medical Co., Ltd.",149,3256.76,1.14
45729,South Africa,PMO - US,Direct Drop,DDP,Ocean,4-Jan-12,4-Jan-12,ARV,Adult,Aurobindo Pharma Limited,SKU0014,"Zidovudine 300mg, tablets, 60 Tabs",Generic,60,92887,678075.1,7.3,0.12,"Aurobindo Unit III, India",4810,6599.86,1118.82
45741,South Sudan,PMO - US,Direct Drop,EXW,Air,25-Jul-15,25-Jul-15,HRDT,HIV test,"Trinity Biotech, Plc",SKU0009,"HIV 1/2, Uni-Gold HIV Kit, 20 Tests",Uni-Gold,20,35,1120,32,1.6,"Trinity Biotech, Plc",See ASN-31765 (ID#:41640),See ASN-31765 (ID#:41640),1.32
45793,South Africa,PMO - US,Direct Drop,DDP,Truck,7-May-15,7-May-15,ARV,Adult,PHARMACY DIRECT,SKU0132,"Efavirenz/Emtricitabine/Tenofovir Disoproxil Fumarate 600/200/300mg, tablets, 30 Tabs",Generic,30,5000,177172.11,35.43,1.18,Mylan (formerly Matrix) Nashik,Weight Captured Separately,Freight Included in Commodity Cost,208.53
45801,Kenya,PMO - US,Direct Drop,CIP,Air,8-Feb-12,8-Feb-12,HRDT,HIV test,BIOLYTICAL LABORATORIES INC.,SKU0168,"HIV 1/2, INSTI HIV 1/2 Antibody Kit, 48 Tests",INSTi,48,32,2657.28,83.04,1.73,bioLytical Laboratories,58,836.14,3.73
45848,"Congo, DRC",PMO - US,Direct Drop,FCA,Air,20-Nov-13,18-Nov-13,ARV,Pediatric,ABBVIE LOGISTICS (FORMERLY ABBOTT LOGISTICS BV),SKU0042,"Lopinavir/Ritonavir 80/20mg/ml [Kaletra], oral solution, cool, Bottle 5 x 60 ml",Kaletra,300,20,616.4,30.82,0.1,ABBVIE (Abbott) Logis. UK,52,1573.41,0.76
45929,Mozambique,PMO - US,Direct Drop,EXW,Air,10-Feb-14,10-Feb-14,HRDT,HIV test,"Orgenics, Ltd",SKU0002,"HIV 1/2, Determine Complete HIV Kit, 100 Tests",Determine,100,9575,766000,80,0.8,"Alere Medical Co., Ltd.",3890,29244.02,787.45
45968,Vietnam,PMO - US,Direct Drop,FCA,Air,29-Sep-09,29-Sep-09,ARV,Adult,ABBVIE LOGISTICS (FORMERLY ABBOTT LOGISTICS BV),SKU0008,"Lopinavir/Ritonavir 200/50mg [Aluvia], tablets, 120 Tabs",Aluvia,120,320,26304,82.2,0.68,ABBVIE Ludwigshafen Germany,88,823.94,51.56
45977,Tanzania,PMO - US,Direct Drop,EXW,Air,7-Mar-14,7-Mar-14,ARV,Adult,Aurobindo Pharma Limited,SKU0014,"Zidovudine 300mg, tablets, 60 Tabs",Generic,60,20172,109533.96,5.43,0.09,"Aurobindo Unit III, India",1104,5765.11,135.49
46005,Rwanda,PMO - US,Direct Drop,CIP,Air,28-Jun-12,28-Jun-12,ARV,Pediatric,CIPLA LIMITED,SKU0048,"Lamivudine 10mg/ml, oral solution, Bottle, 240 ml",Generic,240,9565,18651.75,1.95,0.01,"Cipla, Goa, India",6490,3010.89,26.15
46010,Rwanda,PMO - US,Direct Drop,CIP,Air,9-Dec-10,9-Dec-10,ARV,Adult,HETERO LABS LIMITED,SKU0007,"Nevirapine 200mg, tablets, 60 Tabs",Generic,60,63254,166990.56,2.64,0.04,Hetero Unit III Hyderabad IN,3700,Freight Included in Commodity Cost,360.03
46067,Tanzania,PMO - US,Direct Drop,FCA,Air,14-Jul-11,14-Jul-11,ARV,Adult,LAWRENCE LABORATORIES (SUBSIDIARY OF BRISTOL MYERS SQUIBB),SKU0032,"Didanosine EC 400mg [Videx EC], delayed-release capsules, Blister 3 x 10 Caps",Videx EC,30,18311,433421.37,23.67,0.79,Bristol-Myers Squibb Anagni IT,See ASN-11005 (ID#:27881),See ASN-11005 (ID#:27881),715.15
46082,Ethiopia,PMO - US,Direct Drop,EXW,Air,25-Apr-12,25-Apr-12,HRDT,HIV test,"Trinity Biotech, Plc",SKU0009,"HIV 1/2, Uni-Gold HIV Kit, 20 Tests",Uni-Gold,20,43,1376,32,1.6,"Trinity Biotech, Plc",15,406.68,1.93
46095,Haiti,PMO - US,Direct Drop,CIP,Air,26-Aug-15,26-Aug-15,ARV,Pediatric,"MSD LATIN AMERICA SERVICES, S. DE R.L. DE C.V.",SKU0102,"Efavirenz 30mg/ml [Stocrin/Sustiva], oral solution, Bottle, 180 ml",Stocrin/Sustiva,180,420,7123.2,16.96,0.09,"MSD, Haarlem, NL",Weight Captured Separately,Freight Included in Commodity Cost,8.38
46099,South Africa,PMO - US,Direct Drop,DDP,Air,9-Jun-10,10-Jun-10,ARV,Adult,Aurobindo Pharma Limited,SKU0007,"Nevirapine 200mg, tablets, 60 Tabs",Generic,60,38341,111955.72,2.92,0.05,"Aurobindo Unit III, India",4522,6369.8,241.38
46106,South Sudan,PMO - US,Direct Drop,EXW,Air,8-Feb-13,8-Feb-13,HRDT,HIV test,"Trinity Biotech, Plc",SKU0009,"HIV 1/2, Uni-Gold HIV Kit, 20 Tests",Uni-Gold,20,597,19104,32,1.6,"Trinity Biotech, Plc",209,3088.04,26.78
46114,Sierra Leone,PMO - US,Direct Drop,EXW,Air,6-May-15,6-May-15,HRDT,HIV test,"Standard Diagnostics, Inc.",SKU0019,"HIV 1/2, Bioline 3.0 Kit, Lancets, Capillary pipets, Alcohol swabs included, 25 Tests",Bioline,25,1500,30750,20.5,0.82,"Standard Diagnostics, Korea",Weight Captured Separately,Invoiced Separately,36.19
46127,Rwanda,PMO - US,Direct Drop,EXW,Ocean,17-Oct-11,17-Oct-11,ARV,Adult,HETERO LABS LIMITED,SKU0007,"Nevirapine 200mg, tablets, 60 Tabs",Generic,60,236925,575727.75,2.43,0.04,Hetero Unit III Hyderabad IN,13622,82095.85,1241.27
46129,Mozambique,PMO - US,Direct Drop,EXW,Air,10-Mar-11,10-Mar-11,HRDT,HIV test,"Orgenics, Ltd",SKU0002,"HIV 1/2, Determine Complete HIV Kit, 100 Tests",Determine,100,61,4739.7,77.7,0.78,Inverness Japan,28,1001.47,7.82
46130,Vietnam,PMO - US,Direct Drop,EXW,Air,17-Feb-14,17-Feb-14,ARV,Adult,MYLAN LABORATORIES LTD (FORMERLY MATRIX LABORATORIES),SKU0113,"Efavirenz/Lamivudine/Tenofovir Disoproxil Fumarate 600/300/300mg, tablets, 30 Tabs",Generic,30,40593,452611.95,11.15,0.37,Mylan (formerly Matrix) Nashik,4585,6881.65,559.88
46156,Tanzania,PMO - US,Direct Drop,EXW,Air,25-May-12,25-May-12,HRDT,HIV test,"Orgenics, Ltd",SKU0002,"HIV 1/2, Determine Complete HIV Kit, 100 Tests",Determine,100,2926,234080,80,0.8,"Alere Medical Co., Ltd.",1394,24596.33,328.18
46170,South Africa,PMO - US,Direct Drop,DDP,Ocean,14-Sep-11,14-Sep-11,ARV,Adult,Aurobindo Pharma Limited,SKU0011,"Lamivudine/Zidovudine 150/300mg, tablets, 60 Tabs",Generic,60,19836,167019.12,8.42,0.14,"Aurobindo Unit III, India",1820,698,275.58
46177,South Africa,PMO - US,Direct Drop,DDP,Truck,29-Aug-14,29-Aug-14,ARV,Adult,S. BUYS WHOLESALER,SKU0007,"Nevirapine 200mg, tablets, 60 Tabs",Generic,60,104,2036.11,19.58,0.33,"Aurobindo Unit III, India",Weight Captured Separately,Freight Included in Commodity Cost,2.52
46198,Vietnam,PMO - US,Direct Drop,FCA,Air,6-Jul-12,6-Jul-12,ARV,Adult,ABBVIE LOGISTICS (FORMERLY ABBOTT LOGISTICS BV),SKU0008,"Lopinavir/Ritonavir 200/50mg [Aluvia], tablets, 120 Tabs",Aluvia,120,1922,116896.04,60.82,0.51,ABBVIE Ludwigshafen Germany,467,1842.23,163.89
46206,South Africa,PMO - US,Direct Drop,DDP,Truck,21-Oct-09,21-Oct-09,ARV,Adult,S. BUYS WHOLESALER,SKU0061,"Lamivudine 150mg [Epivir], tablets, 60 Tabs",Epivir,60,2600,16744.82,6.44,0.11,GSK Cape Town Factory (South Africa),Weight Captured Separately,Freight Included in Commodity Cost,32.82
46209,Rwanda,PMO - US,Direct Drop,EXW,Air,27-Oct-09,27-Oct-09,HRDT,HIV test,"Orgenics, Ltd",SKU0017,"HIV 1/2, Determine HIV Kit, without Lancets, 100 Tests",Determine,100,5084,355880,70,0.7,Inverness Japan,1153,46638.41,697.52
46227,South Africa,PMO - US,Direct Drop,DDP,Truck,29-Aug-14,29-Aug-14,ARV,Pediatric,S. BUYS WHOLESALER,SKU0145,"Abacavir 20mg/ml, oral solution w/syringe, Bottle, 240 ml",Generic,240,124,3352.74,27.04,0.11,"Aurobindo Unit III, India",Weight Captured Separately,Freight Included in Commodity Cost,4.15
46228,Zimbabwe,PMO - US,Direct Drop,EXW,Air,30-Jul-14,30-Jul-14,ARV,Pediatric,MYLAN LABORATORIES LTD (FORMERLY MATRIX LABORATORIES),SKU0131,"Lamivudine/Zidovudine 30/60mg, tablets, 60 Tabs",Generic,60,48127,95772.73,1.99,0.03,Mylan (formerly Matrix) Nashik,2383,18232.17,98.45
46250,"Congo, DRC",PMO - US,Direct Drop,EXW,Air,12-Feb-15,12-Feb-15,ARV,Adult,MICRO LABS LIMITED,SKU0003,"Lamivudine 150mg, tablets, 60 Tabs",Generic,60,3974,6835.28,1.72,0.03,"Micro labs, Verna, Goa, India",209,3743.84,7.03
46310,Sierra Leone,PMO - US,Direct Drop,EXW,Air,20-May-15,20-May-15,HRDT,HIV test,"Trinity Biotech, Plc",SKU0009,"HIV 1/2, Uni-Gold HIV Kit, 20 Tests",Uni-Gold,20,400,12800,32,1.6,"Trinity Biotech, Plc",Weight Captured Separately,Invoiced Separately,15.07
46323,Ghana,PMO - US,Direct Drop,EXW,Air,17-Jul-14,17-Jul-14,ARV,Pediatric,Aurobindo Pharma Limited,SKU0001,"Nevirapine 10mg/ml, oral suspension, Bottle, 240 ml",Generic,240,2286,3451.86,1.51,0.01,"Aurobindo Unit III, India",972,7719,3.55
46348,Mozambique,PMO - US,Direct Drop,EXW,Air,9-Oct-13,9-Oct-13,ARV,Adult,STRIDES ARCOLAB LIMITED,SKU0104,"Lamivudine/Stavudine 150/30mg, tablets, 60 Tabs",Generic,60,18025,52633,2.92,0.05,"Strides, Bangalore, India.",1139,4683.02,65.11
46353,Nigeria,PMO - US,Direct Drop,EXW,Air,21-Dec-12,21-Dec-12,HRDT,HIV test,"Trinity Biotech, Plc",SKU0009,"HIV 1/2, Uni-Gold HIV Kit, 20 Tests",Uni-Gold,20,6042,193344,32,1.6,"Trinity Biotech, Plc",1990,22859.07,271.07
46355,Haiti,PMO - US,Direct Drop,EXW,Air,25-Aug-14,25-Aug-14,ARV,Adult,MYLAN LABORATORIES LTD (FORMERLY MATRIX LABORATORIES),SKU0029,"Tenofovir Disoproxil Fumarate 300mg, tablets, 30 Tabs",Generic,30,58,232,4,0.13,Mylan (formerly Matrix) Nashik,19,1274.35,0.24
46372,South Africa,PMO - US,Direct Drop,DDP,Truck,31-May-10,31-May-10,ARV,Pediatric,S. BUYS WHOLESALER,SKU0035,"Nevirapine 10mg/ml [Viramune], oral suspension, Bottle, 240 ml",Viramune,240,120,1897.36,15.81,0.07,Boehringer Ingelheim Roxane US,Weight Captured Separately,Freight Included in Commodity Cost,4.09
46395,South Africa,PMO - US,Direct Drop,DDP,Truck,9-Dec-13,9-Dec-13,ARV,Pediatric,S. BUYS WHOLESALER,SKU0042,"Lopinavir/Ritonavir 80/20mg/ml [Kaletra], oral solution, cool, Bottle 5 x 60 ml",Kaletra,300,4,92.5,23.12,0.08,ABBVIE (Abbott) Logis. UK,Weight Captured Separately,Freight Included in Commodity Cost,0.1
46409,"Congo, DRC",PMO - US,Direct Drop,EXW,Air,23-Jul-15,23-Jul-15,HRDT,HIV test,"Orgenics, Ltd",SKU0002,"HIV 1/2, Determine Complete HIV Kit, 100 Tests",Determine,100,552,44160,80,0.8,"Alere Medical Co., Ltd.",See ASN-32231 (ID#:13648),See ASN-32231 (ID#:13648),51.98
46411,Côte d'Ivoire,PMO - US,Direct Drop,EXW,Air,22-Jan-14,22-Jan-14,HRDT,HIV test,"Orgenics, Ltd",SKU0002,"HIV 1/2, Determine Complete HIV Kit, 100 Tests",Determine,100,4400,352000,80,0.8,"Alere Medical Co., Ltd.",1808,23237.62,435.42
46429,Mali,PMO - US,Direct Drop,CIP,Air,20-May-15,20-May-15,HRDT,HIV test - Ancillary,Orasure Technologies Inc.,SKU0161,"HIV, OraQuick Controls Kit, 3 Vials",OraQuick,1,20,500,25,25,"Orasure Technologies, Inc USA",Weight Captured Separately,Freight Included in Commodity Cost,0.51
46432,Côte d'Ivoire,PMO - US,Direct Drop,EXW,Air,10-Nov-09,10-Nov-09,ARV,Adult,Aurobindo Pharma Limited,SKU0162,"Abacavir/Lamivudine 600/300mg, scored tablets, 30 Tabs",Generic,30,1461,33603,23,0.77,"Aurobindo Unit III, India",154,2986.16,65.86
46447,Uganda,PMO - US,Direct Drop,CIP,Air,20-Nov-13,20-Nov-13,ARV,Adult,ASPEN PHARMACARE,SKU0139,"Darunavir 300mg [Prezista], tablets, 120 Tabs",Prezista,120,841,56010.6,66.6,0.55,"Aspen-OSD, Port Elizabeth, SA",169,359.53,69.29
46460,Uganda,PMO - US,Direct Drop,EXW,Air,8-Apr-15,8-Apr-15,ARV,Pediatric,Aurobindo Pharma Limited,SKU0155,"Lopinavir/Ritonavir 100/25mg, tablets, 60 Tabs",Generic,60,1560,12542.4,8.04,0.13,"Aurobindo Unit III, India",166,1488.99,14.76
46464,Côte d'Ivoire,PMO - US,Direct Drop,EXW,Air,17-Feb-12,17-Feb-12,HRDT,HIV test,"Orgenics, Ltd",SKU0002,"HIV 1/2, Determine Complete HIV Kit, 100 Tests",Determine,100,2746,219680,80,0.8,"Alere Medical Co., Ltd.",1312,27254.17,362.47
46468,South Africa,PMO - US,Direct Drop,DDP,Ocean,6-Sep-11,6-Sep-11,ARV,Adult,STRIDES ARCOLAB LIMITED,SKU0003,"Lamivudine 150mg, tablets, 60 Tabs",Generic,60,515000,1251450,2.43,0.04,"Strides, Bangalore, India.",Weight Captured Separately,Freight Included in Commodity Cost,2064.89
46502,Vietnam,PMO - US,Direct Drop,EXW,Air,2-Apr-13,2-Apr-13,ARV,Adult,HETERO LABS LIMITED,SKU0011,"Lamivudine/Zidovudine 150/300mg, tablets, 60 Tabs",Generic,60,24377,170639,7,0.12,Hetero Unit III Hyderabad IN,See ASN-18664 (ID#:19406),See ASN-18664 (ID#:19406),211.08
46512,Côte d'Ivoire,PMO - US,Direct Drop,EXW,Air,8-Sep-11,8-Sep-11,HRDT,HIV test,"Orgenics, Ltd",SKU0002,"HIV 1/2, Determine Complete HIV Kit, 100 Tests",Determine,100,494,39520,80,0.8,Inverness Japan,240,7681.19,65.21
46513,South Africa,PMO - US,Direct Drop,DDP,Truck,12-May-15,12-May-15,ARV,Adult,PHARMACY DIRECT,SKU0105,"Emtricitabine/Tenofovir Disoproxil Fumarate 200/300mg, tablets, 30 Tabs",Generic,30,11,240.14,21.83,0.73,"Aurobindo Unit III, India",Weight Captured Separately,Freight Included in Commodity Cost,0.25
46556,South Africa,PMO - US,Direct Drop,DDP,Truck,10-Dec-14,10-Dec-14,ARV,Pediatric,S. BUYS WHOLESALER,SKU0045,"Lopinavir/Ritonavir 100/25mg [Aluvia], tablets, 60 Tabs",Generic,60,2,10.34,5.17,0.09,ABBVIE Ludwigshafen Germany,Weight Captured Separately,Freight Included in Commodity Cost,0.01
46574,Rwanda,PMO - US,Direct Drop,CIP,Air,15-Jun-12,15-Jun-12,ARV,Pediatric,CIPLA LIMITED,SKU0169,"Lamivudine/Stavudine 60/12mg, dispersible tablets, 60 Tabs",Generic,60,672,2466.24,3.67,0.06,"Cipla, Goa, India",49,221.96,3.46
46582,Vietnam,PMO - US,Direct Drop,EXW,Air,10-Jun-11,10-Jun-11,ARV,Adult,CIPLA LIMITED,SKU0029,"Tenofovir Disoproxil Fumarate 300mg, tablets, 30 Tabs",Generic,30,4500,29025,6.45,0.22,"Cipla, Goa, India",320,4890.38,47.89
46587,South Africa,PMO - US,Direct Drop,DDP,Air,11-Jun-10,11-Jun-10,ARV,Adult,Aurobindo Pharma Limited,SKU0003,"Lamivudine 150mg, tablets, 60 Tabs",Generic,60,52379,132518.87,2.53,0.04,"Aurobindo Unit III, India",2512,4116.82,285.71
46590,Vietnam,PMO - US,Direct Drop,EXW,Air,21-Jul-10,21-Jul-10,ARV,Adult,MYLAN LABORATORIES LTD (FORMERLY MATRIX LABORATORIES),SKU0026,"Efavirenz 600mg, tablets, 30 Tabs",Generic,30,63421,272710.3,4.3,0.14,Mylan (formerly Matrix) Nashik,5101,13241.08,587.96
46625,Sudan,PMO - US,Direct Drop,EXW,Air,1-Nov-10,1-Nov-10,HRDT,HIV test,"Standard Diagnostics, Inc.",SKU0019,"HIV 1/2, Bioline 3.0 Kit, Lancets, Capillary pipets, Alcohol swabs included, 25 Tests",Bioline,25,24,480,20,0.8,"Standard Diagnostics, Korea",75,1539.55,1.03
46653,South Africa,PMO - US,Direct Drop,DDP,Truck,24-Aug-09,24-Aug-09,ARV,Pediatric,S. BUYS WHOLESALER,SKU0047,"Lamivudine 10mg/ml [Epivir], oral solution, Bottle, 240 ml",Epivir,240,300,2040.28,6.8,0.03,GSK Mississauga (Canada),Weight Captured Separately,Freight Included in Commodity Cost,4
46669,Nigeria,PMO - US,Direct Drop,EXW,Air,19-Oct-11,19-Oct-11,HRDT,HIV test,"CHEMBIO DIAGNOSTIC SYSTEMS, INC.",SKU0016,"HIV 1/2, Stat-Pak HIV, Kit, 20 Tests",Stat-Pak,20,1850,53650,29,1.45,Chembio Diagnostics Sys. Inc.,592,2951.78,88.52
46673,South Africa,PMO - US,Direct Drop,DDP,Truck,7-Feb-14,7-Feb-14,ARV,Adult,S. BUYS WHOLESALER,SKU0011,"Lamivudine/Zidovudine 150/300mg, tablets, 60 Tabs",Generic,60,189,6189.33,32.75,0.55,Hetero Unit III Hyderabad IN,Weight Captured Separately,Freight Included in Commodity Cost,7.66
46688,South Africa,PMO - US,Direct Drop,DDP,Truck,29-Aug-14,29-Aug-14,ARV,Adult,S. BUYS WHOLESALER,SKU0007,"Nevirapine 200mg, tablets, 60 Tabs",Generic,60,88,1722.87,19.58,0.33,"Aurobindo Unit III, India",Weight Captured Separately,Freight Included in Commodity Cost,2.13
46726,Uganda,PMO - US,Direct Drop,DDP,Air,6-Jan-12,6-Jan-12,ARV,Adult,ASPEN PHARMACARE,SKU0115,"Etravirine 100mg [Intelence], tablets, 120 Tabs",Intelence,120,83,6811.81,82.07,0.68,"Janssen-Cilag, Latina, IT",16,375,11.24
46727,Tanzania,PMO - US,Direct Drop,EXW,Air,31-Dec-12,31-Dec-12,HRDT,HIV test,"Orgenics, Ltd",SKU0002,"HIV 1/2, Determine Complete HIV Kit, 100 Tests",Determine,100,2264,181120,80,0.8,"Alere Medical Co., Ltd.",980,18638.44,253.93
46742,Vietnam,PMO - US,Direct Drop,EXW,Air,6-Jun-14,6-Jun-14,ARV,Adult,EMCURE PHARMACEUTICALS LTD,SKU0007,"Nevirapine 200mg, tablets, 60 Tabs",Generic,60,12937,29755.1,2.3,0.04,"Emcure Plot No.P-2, I.T-B.T. Park, Phase II, MIDC, Hinjwadi, Pune, India",875,2181.91,36.81
46844,Côte d'Ivoire,PMO - US,Direct Drop,EXW,Air,2-Mar-10,2-Mar-10,HRDT,HIV test,"CHEMBIO DIAGNOSTIC SYSTEMS, INC.",SKU0016,"HIV 1/2, Stat-Pak HIV, Kit, 20 Tests",Stat-Pak,20,3049,82323,27,1.35,Chembio Diagnostics Sys. Inc.,904,7208,177.49
46848,Vietnam,PMO - US,Direct Drop,EXW,Air,4-Feb-13,4-Feb-13,ARV,Pediatric,MICRO LABS LIMITED,SKU0066,"Efavirenz 200mg, capsule, 90 Caps",Generic,90,298,1317.16,4.42,0.05,"Micro labs, Verna, Goa, India",See ASN-17673 (ID#:36978),See ASN-17673 (ID#:36978),1.85
46858,Mozambique,PMO - US,Direct Drop,EXW,Air,18-Oct-12,18-Oct-12,HRDT,HIV test - Ancillary,"Orgenics, Ltd",SKU0136,"Chase Buffer, Determine, 100 Tests, 2.5ml x 1 Vial",Determine,1,215,1075,5,5,"Alere Medical Co., Ltd.",41,1001.02,1.51
46860,Vietnam,PMO - US,Direct Drop,EXW,Air,25-Oct-10,25-Oct-10,ARV,Adult,STRIDES ARCOLAB LIMITED,SKU0054,"Lamivudine/Nevirapine/Zidovudine 150/200/300mg, tablets, 60 Tabs",Generic,60,24000,264000,11,0.18,"Strides, Bangalore, India.",2769,10546.68,569.18
46867,Uganda,PMO - US,Direct Drop,EXW,Air,5-May-15,5-May-15,HRDT,HIV test,"Orgenics, Ltd",SKU0002,"HIV 1/2, Determine Complete HIV Kit, 100 Tests",Determine,100,6118,489440,80,0.8,"Alere Medical Co., Ltd.",2477,19775.55,576.07
46869,Côte d'Ivoire,PMO - US,Direct Drop,EXW,Air,20-Feb-15,20-Feb-15,HRDT,HIV test,"Standard Diagnostics, Inc.",SKU0019,"HIV 1/2, Bioline 3.0 Kit, Lancets, Capillary pipets, Alcohol swabs included, 25 Tests",Bioline,25,1400,28700,20.5,0.82,"Standard Diagnostics, Korea",437,5408.93,29.5
46875,Zimbabwe,PMO - US,Direct Drop,EXW,Air,18-Jun-14,18-Jun-14,HRDT,HIV test,"Orgenics, Ltd",SKU0002,"HIV 1/2, Determine Complete HIV Kit, 100 Tests",Determine,100,8787,702960,80,0.8,"Alere Medical Co., Ltd.",3567,51732.62,722.64
46895,Nigeria,PMO - US,Direct Drop,EXW,Air,6-Feb-14,6-Feb-14,HRDT,HIV test,"CHEMBIO DIAGNOSTIC SYSTEMS, INC.",SKU0016,"HIV 1/2, Stat-Pak HIV, Kit, 20 Tests",Stat-Pak,20,3487,111584,32,1.6,Chembio Diagnostics Sys. Inc.,1252,5850.25,138.03
46897,Vietnam,PMO - US,Direct Drop,EXW,Air,8-Jan-14,8-Jan-14,ARV,Adult,HETERO LABS LIMITED,SKU0029,"Tenofovir Disoproxil Fumarate 300mg, tablets, 30 Tabs",Generic,30,12693,45060.15,3.55,0.12,Hetero Unit III Hyderabad IN,975,2048.91,55.74
46942,South Africa,PMO - US,Direct Drop,DDP,Air,13-Oct-10,13-Oct-10,ARV,Adult,CIPLA LIMITED,SKU0058,"Abacavir 300mg, tablets, 60 Tabs",Generic,60,10000,172800,17.28,0.29,"Cipla, Patalganga, India",1087,2531.3,372.56
46956,Namibia,PMO - US,Direct Drop,EXW,Air,22-Mar-11,22-Mar-11,HRDT,HIV test,"Orgenics, Ltd",SKU0017,"HIV 1/2, Determine HIV Kit, without Lancets, 100 Tests",Determine,100,150,11655,77.7,0.78,Inverness Japan,34,947.35,19.23
46987,Tanzania,PMO - US,Direct Drop,EXW,Air,31-Dec-12,31-Dec-12,HRDT,HIV test,"Orgenics, Ltd",SKU0002,"HIV 1/2, Determine Complete HIV Kit, 100 Tests",Determine,100,2352,188160,80,0.8,"Alere Medical Co., Ltd.",1016,19026.72,263.8
47025,South Africa,PMO - US,Direct Drop,DDP,Air,1-Jun-10,1-Jun-10,ARV,Adult,Aurobindo Pharma Limited,SKU0026,"Efavirenz 600mg, tablets, 30 Tabs",Generic,30,34044,158985.48,4.67,0.16,"Aurobindo Unit III, India",2892,6105.79,342.77
47035,Angola,PMO - US,Direct Drop,EXW,Air,12-Mar-13,12-Mar-13,ARV,Pediatric,Aurobindo Pharma Limited,SKU0049,"Efavirenz 50mg, capsule, 30 Caps",Generic,30,360,806.4,2.24,0.07,"Aurobindo Unit III, India",21,840.17,1
47048,Guyana,PMO - US,Direct Drop,FCA,Air,5-Aug-11,5-Aug-11,ARV,Adult,ABBVIE LOGISTICS (FORMERLY ABBOTT LOGISTICS BV),SKU0008,"Lopinavir/Ritonavir 200/50mg [Aluvia], tablets, 120 Tabs",Aluvia,120,1324,108832.8,82.2,0.68,ABBVIE Ludwigshafen Germany,334,2171.57,179.57
47050,Mozambique,PMO - US,Direct Drop,EXW,Air,12-Dec-11,12-Dec-11,HRDT,HIV test,"Orgenics, Ltd",SKU0017,"HIV 1/2, Determine HIV Kit, without Lancets, 100 Tests",Determine,100,7587,589509.9,77.7,0.78,Inverness Japan,1306,26532.85,972.69
47077,Uganda,PMO - US,Direct Drop,EXW,Air,15-Jun-15,15-Jun-15,ARV,Adult,EMCURE PHARMACEUTICALS LTD,SKU0119,"Atazanavir/Ritonavir 300/100mg, tablets, 30 Tabs",Generic,30,9235,166230,18,0.6,"Emcure Plot No.P-2, I.T-B.T. Park, Phase II, MIDC, Hinjwadi, Pune, India",1197,5375.13,195.65
47084,South Africa,PMO - US,Direct Drop,DDP,Truck,24-Aug-15,24-Aug-15,ARV,Adult,PHARMACY DIRECT,SKU0029,"Tenofovir Disoproxil Fumarate 300mg, tablets, 30 Tabs",Generic,30,30,445.57,14.85,0.5,Mylan (formerly Matrix) Nashik,Weight Captured Separately,Freight Included in Commodity Cost,0.46
47089,South Africa,South Africa Field Office,Direct Drop,DDP,Truck,16-Apr-13,16-Apr-13,ARV,Pediatric,S. BUYS WHOLESALER,SKU0048,"Lamivudine 10mg/ml, oral solution, Bottle, 240 ml",Generic,240,517,2812.74,5.44,0.02,"Cipla, Goa, India",Weight Captured Separately,Freight Included in Commodity Cost,3.48
47136,South Africa,South Africa Field Office,Direct Drop,DDP,Truck,16-Apr-13,16-Apr-13,ARV,Adult,S. BUYS WHOLESALER,SKU0067,"Nevirapine 200mg [Viramune], tablets, 60 Tabs",Viramune,60,225,4157.82,18.48,0.31,"Boehringer Ing., Koropi, GR",Weight Captured Separately,Freight Included in Commodity Cost,5.14
47200,Haiti,PMO - US,Direct Drop,EXW,Air,29-Oct-14,29-Oct-14,ARV,Adult,HETERO LABS LIMITED,SKU0011,"Lamivudine/Zidovudine 150/300mg, tablets, 60 Tabs",Generic,60,29635,195887.35,6.61,0.11,Hetero Unit III Hyderabad IN,2608,21886.49,201.37
47212,Uganda,PMO - US,Direct Drop,FCA,Air,14-Nov-14,14-Nov-14,ARV,Pediatric,ABBVIE LOGISTICS (FORMERLY ABBOTT LOGISTICS BV),SKU0042,"Lopinavir/Ritonavir 80/20mg/ml [Kaletra], oral solution, cool, Bottle 5 x 60 ml",Kaletra,300,80,2465.6,30.82,0.1,ABBVIE (Abbott) Logis. UK,136,2077.87,2.53
47221,South Sudan,PMO - US,Direct Drop,EXW,Air,8-May-15,8-May-15,HRDT,HIV test,"Trinity Biotech, Plc",SKU0009,"HIV 1/2, Uni-Gold HIV Kit, 20 Tests",Uni-Gold,20,10,320,32,1.6,"Trinity Biotech, Plc",See ASN-31129 (ID#:40205),See ASN-31129 (ID#:40205),0.38
47233,South Africa,PMO - US,Direct Drop,DDP,Truck,27-Aug-14,27-Aug-14,ARV,Adult,S. BUYS WHOLESALER,SKU0105,"Emtricitabine/Tenofovir Disoproxil Fumarate 200/300mg, tablets, 30 Tabs",Generic,30,11,370.96,33.72,1.12,"Aurobindo Unit III, India",Weight Captured Separately,Freight Included in Commodity Cost,0.46
47236,Sudan,PMO - US,Direct Drop,FCA,Air,29-Apr-11,29-Apr-11,HRDT,HIV test - Ancillary,"Orgenics, Ltd",SKU0084,"Capillary Tubes, for Determine, EDTA, 50uL,100 Pcs",Determine,100,25,200,8,0.08,Inverness Japan,2,1201.72,0.33
47253,Vietnam,PMO - US,Direct Drop,EXW,Air,26-Jul-11,26-Jul-11,ARV,Adult,STRIDES ARCOLAB LIMITED,SKU0044,"Lamivudine/Nevirapine/Stavudine 150/200/30mg, tablets, 60 Tabs",Generic,60,11000,58850,5.35,0.09,"Strides, Bangalore, India.",3828,15089.11,97.1
47301,Zimbabwe,PMO - US,Direct Drop,EXW,Air,3-Feb-15,3-Feb-15,ARV,Pediatric,MYLAN LABORATORIES LTD (FORMERLY MATRIX LABORATORIES),SKU0140,"Lamivudine/Nevirapine/Zidovudine 30/50/60mg, dispersible tablets, 60 Tabs",Generic,60,814,0.01,0,0,Mylan (formerly Matrix) Nashik,60,1344.94,0
47302,Guyana,PMO - US,Direct Drop,EXW,Air,18-Apr-13,18-Apr-13,ARV,Pediatric,Aurobindo Pharma Limited,SKU0065,"Zidovudine 100mg, capsules, 100 Caps",Generic,100,218,1002.8,4.6,0.05,"Aurobindo Unit III, India",See ASN-18805 (ID#:18997),See ASN-18805 (ID#:18997),1.24
47311,Côte d'Ivoire,PMO - US,Direct Drop,FCA,Ocean,23-Mar-12,23-Mar-12,ARV,Adult,ABBVIE LOGISTICS (FORMERLY ABBOTT LOGISTICS BV),SKU0008,"Lopinavir/Ritonavir 200/50mg [Aluvia], tablets, 120 Tabs",Aluvia,120,1573,48479.86,30.82,0.26,ABBVIE Ludwigshafen Germany,393,40289,79.99
47312,South Africa,PMO - US,Direct Drop,DDP,Truck,13-Jan-14,13-Jan-14,ARV,Adult,S. BUYS WHOLESALER,SKU0105,"Emtricitabine/Tenofovir Disoproxil Fumarate 200/300mg, tablets, 30 Tabs",Generic,30,26,777.92,29.92,1,"Aurobindo Unit III, India",Weight Captured Separately,Freight Included in Commodity Cost,0.8
47356,South Africa,PMO - US,Direct Drop,DDP,Air,9-Jun-10,10-Jun-10,ARV,Pediatric,Aurobindo Pharma Limited,SKU0126,"Nevirapine 10mg/ml, oral suspension w/syringe, Bottle, 240 ml",Generic,240,11980,37737,3.15,0.01,"Aurobindo Unit III, India",4621,4762.44,81.36
47388,Haiti,PMO - US,Direct Drop,EXW,Ocean,20-Dec-12,20-Dec-12,ARV,Adult,Aurobindo Pharma Limited,SKU0011,"Lamivudine/Zidovudine 150/300mg, tablets, 60 Tabs",Generic,60,37680,288252,7.65,0.13,"Aurobindo Unit III, India",See ASN-16560 (ID#:29734),See ASN-16560 (ID#:29734),404.13
47400,Zimbabwe,PMO - US,Direct Drop,EXW,Air,18-Jun-14,18-Jun-14,HRDT,HIV test - Ancillary,"Orgenics, Ltd",SKU0136,"Chase Buffer, Determine, 100 Tests, 2.5ml x 1 Vial",Determine,1,3939,19695,5,5,"Alere Medical Co., Ltd.",See ASN-26283 (ID#:46875),See ASN-26283 (ID#:46875),20.25
47406,Zambia,PMO - US,Direct Drop,EXW,Air,5-Jun-13,5-Jun-13,HRDT,HIV test,"Orgenics, Ltd",SKU0002,"HIV 1/2, Determine Complete HIV Kit, 100 Tests",Determine,100,2607,208560,80,0.8,"Alere Medical Co., Ltd.",1080,19598.71,257.99
47411,Uganda,PMO - US,Direct Drop,EXW,Air,12-Dec-13,12-Dec-13,ARV,Pediatric,Aurobindo Pharma Limited,SKU0146,"Nevirapine 10mg/ml, oral suspension w/syringe, Bottle, 100 ml",Generic,100,700,910,1.3,0.01,"Aurobindo Unit III, India",Weight Captured Separately,Invoiced Separately,1.13
47413,Haiti,PMO - US,Direct Drop,EXW,Air,24-Jan-14,24-Jan-14,ARV,Adult,MYLAN LABORATORIES LTD (FORMERLY MATRIX LABORATORIES),SKU0119,"Atazanavir/Ritonavir 300/100mg, tablets, 30 Tabs",Generic,30,5000,100000,20,0.67,Mylan (formerly Matrix) Nashik,1189,7296.97,123.7
47432,Côte d'Ivoire,PMO - US,Direct Drop,EXW,Air,8-Jul-14,8-Jul-14,HRDT,HIV test,"Standard Diagnostics, Inc.",SKU0019,"HIV 1/2, Bioline 3.0 Kit, Lancets, Capillary pipets, Alcohol swabs included, 25 Tests",Bioline,25,1400,28700,20.5,0.82,"Standard Diagnostics, Korea",468,5372.87,35.5
47443,Uganda,PMO - US,Direct Drop,FCA,Air,20-Oct-09,20-Oct-09,ARV,Adult,ABBVIE LOGISTICS (FORMERLY ABBOTT LOGISTICS BV),SKU0008,"Lopinavir/Ritonavir 200/50mg [Aluvia], tablets, 120 Tabs",Aluvia,120,120,4339.2,36.16,0.3,ABBVIE Ludwigshafen Germany,36,1025.69,8.5
47473,Zimbabwe,PMO - US,Direct Drop,FCA,Air,20-Aug-15,20-Aug-15,ARV,Pediatric,ABBVIE LOGISTICS (FORMERLY ABBOTT LOGISTICS BV),SKU0042,"Lopinavir/Ritonavir 80/20mg/ml [Kaletra], oral solution, cool, Bottle 5 x 60 ml",Kaletra,300,4497,138597.54,30.82,0.1,ABBVIE (Abbott) Logis. UK,3968,Freight Included in Commodity Cost,163.13
47495,Swaziland,PMO - US,Direct Drop,EXW,Ocean,19-Mar-12,19-Mar-12,ARV,Adult,Aurobindo Pharma Limited,SKU0170,"Lamivudine/Zidovudine+Efavirenz 150/300mg+600mg, tablets, co-blister 60+30 Tabs",Generic,90,46855,637228,13.6,0.15,"Aurobindo Unit III, India",7712,13491.19,1051.43
47516,South Africa,South Africa Field Office,Direct Drop,DDP,Truck,16-Apr-13,16-Apr-13,ARV,Adult,S. BUYS WHOLESALER,SKU0029,"Tenofovir Disoproxil Fumarate 300mg, tablets, 30 Tabs",Generic,30,7242,148900.86,20.56,0.69,"Aurobindo Unit III, India",Weight Captured Separately,Freight Included in Commodity Cost,184.19
47536,Botswana,PMO - US,Direct Drop,EXW,Air,2-Mar-11,2-Mar-11,HRDT,HIV test,"Orgenics, Ltd",SKU0002,"HIV 1/2, Determine Complete HIV Kit, 100 Tests",Determine,100,10,800,80,0.8,Inverness Japan,5,767.63,1.32
47541,Rwanda,PMO - US,Direct Drop,EXW,Air,4-Aug-12,4-Aug-12,ARV,Adult,HETERO LABS LIMITED,SKU0007,"Nevirapine 200mg, tablets, 60 Tabs",Generic,60,37140,86907.6,2.34,0.04,Hetero Unit III Hyderabad IN,See ASN-15554 (ID#:33116),See ASN-15554 (ID#:33116),121.84
47853,Tanzania,PMO - US,Direct Drop,EXW,Air,18-Jan-10,18-Jan-10,HRDT,HIV test,"Orgenics, Ltd",SKU0017,"HIV 1/2, Determine HIV Kit, without Lancets, 100 Tests",Determine,100,2024,141680,70,0.7,Inverness Japan,461,6923.2,277.69
47546,Nigeria,PMO - US,Direct Drop,FCA,Air,23-Jul-13,23-Jul-13,ARV,Pediatric,ABBVIE LOGISTICS (FORMERLY ABBOTT LOGISTICS BV),SKU0045,"Lopinavir/Ritonavir 100/25mg [Aluvia], tablets, 60 Tabs",Generic,60,5360,31838.4,5.94,0.1,ABBVIE Ludwigshafen Germany,619,5506.01,39.38
47559,South Africa,PMO - US,Direct Drop,DDP,Ocean,4-Feb-11,4-Feb-11,ARV,Pediatric,Aurobindo Pharma Limited,SKU0049,"Efavirenz 50mg, capsule, 30 Caps",Generic,30,100000,235000,2.35,0.08,"Aurobindo Unit III, India",5634,17819.74,506.66
47576,South Africa,PMO - US,Direct Drop,DDP,Ocean,5-Apr-11,30-May-11,ARV,Adult,CIPLA LIMITED,SKU0007,"Nevirapine 200mg, tablets, 60 Tabs",Generic,60,38400,107136,2.79,0.05,"Cipla, Goa, India",Weight Captured Separately,Freight Included in Commodity Cost,230.99
47581,Haiti,PMO - US,Direct Drop,DDP,Truck,30-Oct-12,30-Oct-12,HRDT,HIV test,REINBOLD EXPORT IMPORT,SKU0002,"HIV 1/2, Determine Complete HIV Kit, 100 Tests",Determine,100,1000,133000,133,1.33,"Alere Medical Co., Ltd.",Weight Captured Separately,Freight Included in Commodity Cost,164.52
47587,Guyana,PMO - US,Direct Drop,EXW,Air,24-Sep-14,24-Sep-14,HRDT,HIV test,"Orgenics, Ltd",SKU0002,"HIV 1/2, Determine Complete HIV Kit, 100 Tests",Determine,100,605,60500,100,1,"Alere Medical Co., Ltd.",Weight Captured Separately,Invoiced Separately,62.19
47616,Zimbabwe,PMO - US,Direct Drop,FCA,Air,8-Jul-13,8-Jul-13,ARV,Pediatric,LAWRENCE LABORATORIES (SUBSIDIARY OF BRISTOL MYERS SQUIBB),SKU0028,"Didanosine 25mg [Videx], chewable tablets, 60 Tabs",Videx,60,703,4921,7,0.12,Bristol-Myers Squibb Anagni IT,162,2365.05,6.09
47625,South Africa,PMO - US,Direct Drop,DDP,Air,13-Oct-10,1-Dec-10,ARV,Adult,CIPLA LIMITED,SKU0029,"Tenofovir Disoproxil Fumarate 300mg, tablets, 30 Tabs",Generic,30,54247,424211.54,7.82,0.26,"Cipla, Goa, India",3728,3646.13,914.6
47638,Guyana,PMO - US,Direct Drop,EXW,Air,8-Aug-11,8-Aug-11,HRDT,HIV test,"CHEMBIO DIAGNOSTIC SYSTEMS, INC.",SKU0016,"HIV 1/2, Stat-Pak HIV, Kit, 20 Tests",Stat-Pak,20,15,435,29,1.45,Chembio Diagnostics Sys. Inc.,6,325.67,0.72
47642,"Congo, DRC",PMO - US,Direct Drop,EXW,Air,23-Jul-15,23-Jul-15,HRDT,HIV test,"Orgenics, Ltd",SKU0002,"HIV 1/2, Determine Complete HIV Kit, 100 Tests",Determine,100,262,20960,80,0.8,"Alere Medical Co., Ltd.",See ASN-32231 (ID#:13648),See ASN-32231 (ID#:13648),24.67
47653,South Africa,PMO - US,Direct Drop,DDP,Truck,28-Nov-14,28-Nov-14,ARV,Adult,PHARMACY DIRECT,SKU0115,"Etravirine 100mg [Intelence], tablets, 120 Tabs",Intelence,120,33,844.57,25.59,0.21,"Janssen-Cilag, Latina, IT",Weight Captured Separately,Freight Included in Commodity Cost,0.87
47666,South Africa,PMO - US,Direct Drop,DDP,Truck,24-Jul-15,24-Jul-15,ARV,Adult,PHARMACY DIRECT,SKU0134,"Didanosine 400mg, delayed-release capsules, 30 Caps",Generic,30,8,122.18,15.27,0.51,"Aurobindo Unit III, India",Weight Captured Separately,Freight Included in Commodity Cost,0.13
47676,South Africa,PMO - US,Direct Drop,DDP,Ocean,14-Sep-11,14-Sep-11,ARV,Adult,Aurobindo Pharma Limited,SKU0011,"Lamivudine/Zidovudine 150/300mg, tablets, 60 Tabs",Generic,60,164,1380.88,8.42,0.14,"Aurobindo Unit III, India",Weight Captured Separately,Freight Included in Commodity Cost,2.28
47677,Vietnam,PMO - US,Direct Drop,FCA,Air,3-Apr-13,3-Apr-13,ARV,Adult,ABBVIE LOGISTICS (FORMERLY ABBOTT LOGISTICS BV),SKU0118,"Ritonavir 100mg [Norvir], film coated tablets, 30 Tabs",Norvir,30,187,4349.62,23.26,0.78,ABBVIE Ludwigshafen Germany,16,958.85,5.38
47722,South Africa,PMO - US,Direct Drop,DDP,Truck,24-Aug-15,24-Aug-15,ARV,Adult,PHARMACY DIRECT,SKU0105,"Emtricitabine/Tenofovir Disoproxil Fumarate 200/300mg, tablets, 30 Tabs",Generic,30,10,234.38,23.44,0.78,"Aurobindo Unit III, India",Weight Captured Separately,Freight Included in Commodity Cost,0.24
47759,Vietnam,PMO - US,Direct Drop,EXW,Air,26-Oct-09,26-Oct-09,ARV,Adult,Aurobindo Pharma Limited,SKU0011,"Lamivudine/Zidovudine 150/300mg, tablets, 60 Tabs",Generic,60,5964,51350.04,8.61,0.14,"Aurobindo Unit III, India",See ASN-5131 (ID#:25886),See ASN-5131 (ID#:25886),100.65
47817,South Sudan,PMO - US,Direct Drop,EXW,Air,15-May-12,15-May-12,HRDT,HIV test,"Trinity Biotech, Plc",SKU0009,"HIV 1/2, Uni-Gold HIV Kit, 20 Tests",Uni-Gold,20,179,5728,32,1.6,"Trinity Biotech, Plc",63,2147.11,8.03
47831,Vietnam,PMO - US,Direct Drop,FCA,Air,11-Dec-09,11-Dec-09,ARV,Adult,ABBVIE LOGISTICS (FORMERLY ABBOTT LOGISTICS BV),SKU0008,"Lopinavir/Ritonavir 200/50mg [Aluvia], tablets, 120 Tabs",Aluvia,120,1720,141384,82.2,0.68,ABBVIE Ludwigshafen Germany,424,10296.99,277.11
47837,Rwanda,PMO - US,Direct Drop,CIP,Air,10-Aug-09,10-Aug-09,ARV,Adult,HETERO LABS LIMITED,SKU0007,"Nevirapine 200mg, tablets, 60 Tabs",Generic,60,9300,28737,3.09,0.05,Hetero Unit III Hyderabad IN,550,3054.13,56.32
47857,Ethiopia,PMO - US,Direct Drop,EXW,Air,27-Mar-12,27-Mar-12,HRDT,HIV test,"CHEMBIO DIAGNOSTIC SYSTEMS, INC.",SKU0016,"HIV 1/2, Stat-Pak HIV, Kit, 20 Tests",Stat-Pak,20,340,9860,29,1.45,Chembio Diagnostics Sys. Inc.,151,827.88,13.82
47862,Mozambique,PMO - US,Direct Drop,CIP,Air,21-Nov-14,21-Nov-14,ARV,Adult,JANSSEN SCIENCES IRELAND UC (FORMERLY JANSSEN R&D IRELAND),SKU0121,"Darunavir 600mg [Prezista], tablets, 60 Tabs",Prezista,60,50,2700,54,0.9,"Janssen-Cilag, Latina, IT",Weight Captured Separately,Freight Included in Commodity Cost,2.78
47864,Vietnam,PMO - US,Direct Drop,FCA,Air,21-Jun-10,21-Jun-10,ARV,Adult,ABBVIE LOGISTICS (FORMERLY ABBOTT LOGISTICS BV),SKU0008,"Lopinavir/Ritonavir 200/50mg [Aluvia], tablets, 120 Tabs",Aluvia,120,1785,146727,82.2,0.68,ABBVIE Ludwigshafen Germany,266,6937.66,316.34
47870,Sudan,PMO - US,Direct Drop,EXW,Air,11-Jan-12,11-Jan-12,HRDT,HIV test,"Trinity Biotech, Plc",SKU0009,"HIV 1/2, Uni-Gold HIV Kit, 20 Tests",Uni-Gold,20,39,1248,32,1.6,"Trinity Biotech, Plc",13,581.73,2.06
47923,Zimbabwe,PMO - US,Direct Drop,EXW,Air,7-Sep-09,7-Sep-09,HRDT,HIV test,"Orgenics, Ltd",SKU0002,"HIV 1/2, Determine Complete HIV Kit, 100 Tests",Determine,100,1000,72000,72,0.72,Inverness Japan,324,3791.81,141.12
47937,Vietnam,PMO - US,Direct Drop,EXW,Air,22-Apr-14,22-Apr-14,ARV,Adult,HETERO LABS LIMITED,SKU0113,"Efavirenz/Lamivudine/Tenofovir Disoproxil Fumarate 600/300/300mg, tablets, 30 Tabs",Generic,30,24192,254016,10.5,0.35,Hetero Unit III Hyderabad IN,3385,8764.53,314.22
47949,South Africa,PMO - US,Direct Drop,DDP,Ocean,1-Feb-11,4-Mar-11,ARV,Adult,Aurobindo Pharma Limited,SKU0026,"Efavirenz 600mg, tablets, 30 Tabs",Generic,30,87018,394191.54,4.53,0.15,"Aurobindo Unit III, India",Weight Captured Separately,Freight Included in Commodity Cost,849.88
47953,Vietnam,PMO - US,Direct Drop,EXW,Air,18-Mar-13,18-Mar-13,ARV,Pediatric,MYLAN LABORATORIES LTD (FORMERLY MATRIX LABORATORIES),SKU0131,"Lamivudine/Zidovudine 30/60mg, tablets, 60 Tabs",Generic,60,2231,4685.1,2.1,0.04,Mylan (formerly Matrix) Nashik,See ASN-18408 (ID#:21705),See ASN-18408 (ID#:21705),5.8
47975,Vietnam,PMO - US,Direct Drop,FCA,Air,17-Nov-11,17-Nov-11,ARV,Adult,ABBVIE LOGISTICS (FORMERLY ABBOTT LOGISTICS BV),SKU0008,"Lopinavir/Ritonavir 200/50mg [Aluvia], tablets, 120 Tabs",Aluvia,120,1575,129465,82.2,0.68,ABBVIE Ludwigshafen Germany,382,5528.41,213.62
47977,Zambia,PMO - US,Direct Drop,EXW,Air,21-Jan-15,21-Jan-15,HRDT,HIV test,"Trinity Biotech, Plc",SKU0009,"HIV 1/2, Uni-Gold HIV Kit, 20 Tests",Uni-Gold,20,3000,96000,32,1.6,"Trinity Biotech, Plc",881,6664.29,112.99
47979,Vietnam,PMO - US,Direct Drop,FCA,Air,9-Jul-15,9-Jul-15,ARV,Adult,ABBVIE LOGISTICS (FORMERLY ABBOTT LOGISTICS BV),SKU0118,"Ritonavir 100mg [Norvir], film coated tablets, 30 Tabs",Norvir,30,300,6978,23.26,0.78,ABBVIE Ludwigshafen Germany,Weight Captured Separately,Invoiced Separately,8.21
48043,Kenya,PMO - US,Direct Drop,EXW,Air,12-Nov-10,12-Nov-10,HRDT,HIV test,"Orgenics, Ltd",SKU0002,"HIV 1/2, Determine Complete HIV Kit, 100 Tests",Determine,100,8178,727842,89,0.89,Inverness Japan,1407,15200.59,1569.23
48044,South Sudan,PMO - US,Direct Drop,EXW,Air,16-Aug-13,16-Aug-13,HRDT,HIV test,"Orgenics, Ltd",SKU0002,"HIV 1/2, Determine Complete HIV Kit, 100 Tests",Determine,100,204,18156,89,0.89,"Alere Medical Co., Ltd.",See ASN-19143 (ID#:26345),See ASN-19143 (ID#:26345),22.46
48065,South Africa,PMO - US,Direct Drop,DDP,Air,24-Aug-10,24-Aug-10,ARV,Pediatric,Aurobindo Pharma Limited,SKU0130,"Lamivudine 10mg/ml, oral solution w/syringe, Bottle, 240 ml",Generic,240,11668,35004,3,0.01,"Aurobindo Unit III, India",4396,3283.59,75.47
48099,"Congo, DRC",PMO - US,Direct Drop,EXW,Air,2-Jul-15,2-Jul-15,HRDT,HIV test,"Trinity Biotech, Plc",SKU0009,"HIV 1/2, Uni-Gold HIV Kit, 20 Tests",Uni-Gold,20,41,1312,32,1.6,"Trinity Biotech, Plc",See ASN-31750 (ID#:19272),See ASN-31750 (ID#:19272),1.54
48102,South Africa,PMO - US,Direct Drop,DDP,Truck,24-Aug-15,24-Aug-15,ARV,Adult,PHARMACY DIRECT,SKU0121,"Darunavir 600mg [Prezista], tablets, 60 Tabs",Prezista,60,18,911.9,50.66,0.84,"Janssen-Cilag, Latina, IT",Weight Captured Separately,Freight Included in Commodity Cost,0.94
48120,Vietnam,PMO - US,Direct Drop,EXW,Air,3-Aug-10,3-Aug-10,ARV,Adult,STRIDES ARCOLAB LIMITED,SKU0003,"Lamivudine 150mg, tablets, 60 Tabs",Generic,60,2400,5640,2.35,0.04,"Strides, Bangalore, India.",726,7388.14,12.16
48151,Rwanda,PMO - US,Direct Drop,EXW,Air,24-Jan-12,24-Jan-12,ARV,Adult,Aurobindo Pharma Limited,SKU0107,"Lamivudine/Tenofovir Disoproxil Fumarate 300/300mg, tablets, 30 Tabs",Generic,30,42074,225095.9,5.35,0.18,"Aurobindo Unit VII, IN",4105,25382.52,315.58
48155,Vietnam,PMO - US,Direct Drop,EXW,Air,16-Feb-11,16-Feb-11,ARV,Adult,HETERO LABS LIMITED,SKU0014,"Zidovudine 300mg, tablets, 60 Tabs",Generic,60,1008,7005.6,6.95,0.12,Hetero Unit III Hyderabad IN,See ASN-9408 (ID#:39263),See ASN-9408 (ID#:39263),15.1
48182,Haiti,PMO - US,Direct Drop,FCA,Air,10-Dec-14,10-Dec-14,ARV,Adult,ABBVIE LOGISTICS (FORMERLY ABBOTT LOGISTICS BV),SKU0110,"Ritonavir 100mg [Norvir], film coated tablets, 60 Tabs",Norvir,60,272,1863.2,6.85,0.11,ABBVIE Ludwigshafen Germany,37,722.35,1.92
48184,Rwanda,PMO - US,Direct Drop,EXW,Air,15-Jan-15,15-Jan-15,ARV,Pediatric,Aurobindo Pharma Limited,SKU0155,"Lopinavir/Ritonavir 100/25mg, tablets, 60 Tabs",Generic,60,1592,12799.68,8.04,0.13,"Aurobindo Unit III, India",167,1923.14,13.16
48214,South Africa,PMO - US,Direct Drop,DDP,Truck,9-Mar-15,9-Mar-15,ARV,Adult,PHARMACY DIRECT,SKU0007,"Nevirapine 200mg, tablets, 60 Tabs",Generic,60,19,243.66,12.82,0.21,"Aurobindo Unit III, India",Weight Captured Separately,Freight Included in Commodity Cost,0.25
48216,Tanzania,PMO - US,Direct Drop,EXW,Air,25-May-12,25-May-12,HRDT,HIV test,"Trinity Biotech, Plc",SKU0009,"HIV 1/2, Uni-Gold HIV Kit, 20 Tests",Uni-Gold,20,4250,136000,32,1.6,"Trinity Biotech, Plc",1386,13215.15,190.67
48228,Côte d'Ivoire,PMO - US,Direct Drop,EXW,Air,3-Sep-13,3-Sep-13,HRDT,HIV test,"CHEMBIO DIAGNOSTIC SYSTEMS, INC.",SKU0016,"HIV 1/2, Stat-Pak HIV, Kit, 20 Tests",Stat-Pak,20,3400,98600,29,1.45,Chembio Diagnostics Sys. Inc.,1252,10821.66,121.97
48236,South Africa,PMO - US,Direct Drop,DDP,Truck,27-Aug-14,27-Aug-14,ARV,Pediatric,S. BUYS WHOLESALER,SKU0145,"Abacavir 20mg/ml, oral solution w/syringe, Bottle, 240 ml",Generic,240,36,987.14,27.42,0.11,"Aurobindo Unit III, India",Weight Captured Separately,Freight Included in Commodity Cost,1.22
48261,Rwanda,PMO - US,Direct Drop,FCA,Air,21-Aug-15,21-Aug-15,ARV,Pediatric,ABBVIE LOGISTICS (FORMERLY ABBOTT LOGISTICS BV),SKU0042,"Lopinavir/Ritonavir 80/20mg/ml [Kaletra], oral solution, cool, Bottle 5 x 60 ml",Kaletra,300,350,10787,30.82,0.1,ABBVIE (Abbott) Logis. UK,Weight Captured Separately,Invoiced Separately,12.7
48301,Côte d'Ivoire,PMO - US,Direct Drop,EXW,Air,5-Jul-12,5-Jul-12,HRDT,HIV test,"Orgenics, Ltd",SKU0002,"HIV 1/2, Determine Complete HIV Kit, 100 Tests",Determine,100,6290,503200,80,0.8,"Alere Medical Co., Ltd.",2995,57933.93,705.49
48319,South Africa,PMO - US,Direct Drop,DDP,Truck,13-Jan-14,13-Jan-14,ARV,Adult,S. BUYS WHOLESALER,SKU0007,"Nevirapine 200mg, tablets, 60 Tabs",Generic,60,275,4974.52,18.09,0.3,"Cipla, Goa, India",Weight Captured Separately,Freight Included in Commodity Cost,5.11
48419,South Africa,PMO - US,Direct Drop,DDP,Ocean,6-Dec-11,2-Nov-11,ARV,Adult,CIPLA LIMITED,SKU0007,"Nevirapine 200mg, tablets, 60 Tabs",Generic,60,10817,29422.24,2.72,0.05,"Cipla, Goa, India",1172,19007.72,48.55
48438,Uganda,PMO - US,Direct Drop,CIP,Air,27-Jan-11,27-Jan-11,ARV,Adult,MERCK SHARP & DOHME IDEA GMBH (FORMALLY MERCK SHARP & DOHME B.V.),SKU0129,"Raltegravir 400mg [Isentress], tablets, 60 Tabs",Isentress,60,223,20404.5,91.5,1.52,"MSD, Haarlem, NL",21,761,33.67
48497,South Africa,PMO - US,Direct Drop,DDP,Ocean,14-Feb-11,11-Feb-11,ARV,Adult,STRIDES ARCOLAB LIMITED,SKU0003,"Lamivudine 150mg, tablets, 60 Tabs",Generic,60,185954,459306.38,2.47,0.04,"Strides, Bangalore, India.",9019,13677.68,990.26
48500,Rwanda,PMO - US,Direct Drop,EXW,Ocean,1-Mar-11,1-Mar-11,ARV,Adult,HETERO LABS LIMITED,SKU0007,"Nevirapine 200mg, tablets, 60 Tabs",Generic,60,176100,427923,2.43,0.04,Hetero Unit III Hyderabad IN,24219,23736.39,922.6
48516,Haiti,PMO - US,Direct Drop,EXW,Air,30-Mar-15,30-Mar-15,ARV,Pediatric,Aurobindo Pharma Limited,SKU0065,"Zidovudine 100mg, capsules, 100 Caps",Generic,100,120,540,4.5,0.04,"Aurobindo Unit III, India",9,820.56,0.56
48517,Zimbabwe,PMO - US,Direct Drop,EXW,Air,20-May-10,20-May-10,HRDT,HIV test,"Orgenics, Ltd",SKU0002,"HIV 1/2, Determine Complete HIV Kit, 100 Tests",Determine,100,1845,132840,72,0.72,Inverness Japan,1000,18841.09,286.4
48519,South Sudan,PMO - US,Direct Drop,EXW,Air,8-Nov-13,8-Nov-13,HRDT,HIV test - Ancillary,"Orgenics, Ltd",SKU0084,"Capillary Tubes, for Determine, EDTA, 50uL,100 Pcs",Determine,100,165,1320,8,0.08,"Alere Medical Co., Ltd.",See ASN-22040 (ID#:45178),See ASN-22040 (ID#:45178),1.63
48523,Tanzania,PMO - US,Direct Drop,EXW,Air,7-Dec-12,7-Dec-12,HRDT,HIV test,"Orgenics, Ltd",SKU0002,"HIV 1/2, Determine Complete HIV Kit, 100 Tests",Determine,100,2744,219520,80,0.8,"Alere Medical Co., Ltd.",1303,22223.94,307.77
48559,South Africa,PMO - US,Direct Drop,DDP,Truck,24-Jul-15,24-Jul-15,ARV,Adult,PHARMACY DIRECT,SKU0007,"Nevirapine 200mg, tablets, 60 Tabs",Generic,60,20,256.48,12.82,0.21,"Aurobindo Unit III, India",Weight Captured Separately,Freight Included in Commodity Cost,0.26
48595,Vietnam,PMO - US,Direct Drop,FCA,Air,13-Aug-15,13-Aug-15,ARV,Adult,ABBVIE LOGISTICS (FORMERLY ABBOTT LOGISTICS BV),SKU0118,"Ritonavir 100mg [Norvir], film coated tablets, 30 Tabs",Norvir,30,400,9304,23.26,0.78,ABBVIE Ludwigshafen Germany,See ASN-33152 (ID#:38571),See ASN-33152 (ID#:38571),10.95
48623,Uganda,PMO - US,Direct Drop,EXW,Air,21-Sep-12,21-Sep-12,ARV,Adult,MYLAN LABORATORIES LTD (FORMERLY MATRIX LABORATORIES),SKU0119,"Atazanavir/Ritonavir 300/100mg, tablets, 30 Tabs",Generic,30,1558,35055,22.5,0.75,Mylan (formerly Matrix) Nashik,195,3387.72,49.15
48624,Haiti,PMO - US,Direct Drop,EXW,Ocean,20-Oct-14,20-Oct-14,ARV,Adult,Aurobindo Pharma Limited,SKU0113,"Efavirenz/Lamivudine/Tenofovir Disoproxil Fumarate 600/300/300mg, tablets, 30 Tabs",Generic,30,15080,165276.8,10.96,0.37,"Aurobindo Unit VII, IN",Weight Captured Separately,Invoiced Separately,169.9
48640,Burundi,PMO - US,Direct Drop,EXW,Air,6-Jul-15,6-Jul-15,HRDT,HIV test,"CHEMBIO DIAGNOSTIC SYSTEMS, INC.",SKU0111,"HIV 1/2, Stat-Pak Dipstick Assay Kit, 30 Tests",Stat-Pak,30,594,16394.4,27.6,0.92,Chembio Diagnostics Sys. Inc.,63,877.52,19.3
48655,South Africa,PMO - US,Direct Drop,DDP,Truck,27-Aug-14,27-Aug-14,ARV,Pediatric,S. BUYS WHOLESALER,SKU0049,"Efavirenz 50mg, capsule, 30 Caps",Generic,30,20,66.33,3.32,0.11,"Aurobindo Unit III, India",Weight Captured Separately,Freight Included in Commodity Cost,0.08
48665,Burundi,PMO - US,Direct Drop,EXW,Air,21-Apr-15,21-Apr-15,HRDT,HIV test,"CHEMBIO DIAGNOSTIC SYSTEMS, INC.",SKU0111,"HIV 1/2, Stat-Pak Dipstick Assay Kit, 30 Tests",Stat-Pak,30,517,14269.2,27.6,0.92,Chembio Diagnostics Sys. Inc.,56,812.84,16.79
48690,Haiti,PMO - US,Direct Drop,EXW,Air,25-Apr-13,25-Apr-13,ARV,Pediatric,Aurobindo Pharma Limited,SKU0130,"Lamivudine 10mg/ml, oral solution w/syringe, Bottle, 240 ml",Generic,240,2064,2951.52,1.43,0.01,"Aurobindo Unit III, India",751,5754.16,3.65
48706,Rwanda,PMO - US,Direct Drop,EXW,Ocean,1-Mar-11,1-Mar-11,ARV,Adult,HETERO LABS LIMITED,SKU0026,"Efavirenz 600mg, tablets, 30 Tabs",Generic,30,38113,157406.69,4.13,0.14,Hetero Unit III Hyderabad IN,3077,6499.25,339.37
48729,South Africa,PMO - US,Direct Drop,DDP,Truck,2-Jun-15,2-Jun-15,ARV,Adult,PHARMACY DIRECT,SKU0115,"Etravirine 100mg [Intelence], tablets, 120 Tabs",Intelence,120,1,25.59,25.59,0.21,"Janssen-Cilag, Latina, IT",Weight Captured Separately,Freight Included in Commodity Cost,0.03
48741,Côte d'Ivoire,PMO - US,Direct Drop,EXW,Air,7-Apr-14,7-Apr-14,ARV,Pediatric,CIPLA LIMITED,SKU0171,"Nevirapine 50mg, dispersible tablets, 60 Tabs",Generic,60,3900,7215,1.85,0.03,"Cipla, Patalganga, India",321,3740.01,7.42
48746,South Africa,PMO - US,Direct Drop,DDP,Air,24-Aug-10,24-Aug-10,ARV,Adult,Aurobindo Pharma Limited,SKU0003,"Lamivudine 150mg, tablets, 60 Tabs",Generic,60,32070,81137.1,2.53,0.04,"Aurobindo Unit III, India",1727,1791.42,174.93
49301,Botswana,PMO - US,Direct Drop,EXW,Air,14-Apr-10,14-Apr-10,HRDT,HIV test,"Orgenics, Ltd",SKU0002,"HIV 1/2, Determine Complete HIV Kit, 100 Tests",Determine,100,5,360,72,0.72,Inverness Japan,3,787.28,0.78
48755,Haiti,PMO - US,Direct Drop,EXW,Ocean,20-Dec-12,20-Dec-12,ARV,Adult,MYLAN LABORATORIES LTD (FORMERLY MATRIX LABORATORIES),SKU0029,"Tenofovir Disoproxil Fumarate 300mg, tablets, 30 Tabs",Generic,30,96,431.04,4.49,0.15,Mylan (formerly Matrix) Nashik,See ASN-16472 (ID#:20383),See ASN-16472 (ID#:20383),0.6
48757,South Africa,South Africa Field Office,Direct Drop,DDP,Truck,16-Apr-13,16-Apr-13,ARV,Adult,S. BUYS WHOLESALER,SKU0058,"Abacavir 300mg, tablets, 60 Tabs",Generic,60,114,7956.64,69.8,1.16,"Cipla, Patalganga, India",Weight Captured Separately,Freight Included in Commodity Cost,9.84
48765,Kenya,PMO - US,Direct Drop,EXW,Air,16-Feb-10,19-Feb-10,HRDT,HIV test,"Orgenics, Ltd",SKU0002,"HIV 1/2, Determine Complete HIV Kit, 100 Tests",Determine,100,1,80,80,0.8,Inverness Japan,822,8664.89,0.17
48773,Nigeria,PMO - US,Direct Drop,EXW,Air,9-Jul-14,9-Jul-14,HRDT,HIV test,"Orgenics, Ltd",SKU0002,"HIV 1/2, Determine Complete HIV Kit, 100 Tests",Determine,100,9935,884215,89,0.89,"Alere Medical Co., Ltd.",4038,59711.34,908.97
48821,Haiti,PMO - US,Direct Drop,EXW,Air,12-Sep-14,12-Sep-14,ARV,Pediatric,CIPLA LIMITED,SKU0005,"Zidovudine 10mg/ml, oral solution, Bottle, 240 ml",Generic,240,936,1825.2,1.95,0.01,"Cipla, Goa, India",Weight Captured Separately,Invoiced Separately,1.88
48825,Vietnam,PMO - US,Direct Drop,EXW,Air,13-Jul-15,13-Jul-15,ARV,Adult,HETERO LABS LIMITED,SKU0029,"Tenofovir Disoproxil Fumarate 300mg, tablets, 30 Tabs",Generic,30,22700,71505,3.15,0.1,Hetero Unit III Hyderabad IN,Weight Captured Separately,Invoiced Separately,84.16
48826,Mozambique,PMO - US,Direct Drop,CIP,Air,23-Jun-10,23-Jun-10,ARV,Adult,INTERNATIONAL HEALTHCARE DISTRIBUTORS,SKU0056,"Ritonavir 100mg [Norvir], capsules, cool, 84 Caps",Norvir,84,320,3312,10.35,0.12,ABBVIE (Abbott) Logis. UK,Weight Captured Separately,Freight Included in Commodity Cost,7.14
48839,Côte d'Ivoire,PMO - US,Direct Drop,EXW,Air,16-Feb-15,16-Feb-15,HRDT,HIV test,"Orgenics, Ltd",SKU0002,"HIV 1/2, Determine Complete HIV Kit, 100 Tests",Determine,100,4750,380000,80,0.8,"Alere Medical Co., Ltd.",1930,23013.2,390.64
48842,South Africa,PMO - US,Direct Drop,DDP,Truck,10-Jul-14,10-Jul-14,ARV,Pediatric,S. BUYS WHOLESALER,SKU0042,"Lopinavir/Ritonavir 80/20mg/ml [Kaletra], oral solution, cool, Bottle 5 x 60 ml",Kaletra,300,4,93.81,23.45,0.08,ABBVIE (Abbott) Logis. UK,Weight Captured Separately,Freight Included in Commodity Cost,0.12
48857,South Africa,PMO - US,Direct Drop,DDP,Air,24-Aug-10,21-Jan-11,ARV,Pediatric,Aurobindo Pharma Limited,SKU0130,"Lamivudine 10mg/ml, oral solution w/syringe, Bottle, 240 ml",Generic,240,11628,34884,3,0.01,"Aurobindo Unit III, India",4382,2154.52,75.21
48870,Guyana,PMO - US,Direct Drop,FCA,Air,31-May-13,31-May-13,ARV,Pediatric,ABBVIE LOGISTICS (FORMERLY ABBOTT LOGISTICS BV),SKU0042,"Lopinavir/Ritonavir 80/20mg/ml [Kaletra], oral solution, cool, Bottle 5 x 60 ml",Kaletra,300,20,1216.4,60.82,0.2,ABBVIE (Abbott) Logis. UK,52,1152.9,1.5
48872,"Congo, DRC",PMO - US,Direct Drop,DDP,Truck,7-Apr-14,7-Apr-14,HRDT,HIV test,WAGENIA,SKU0122,"HIV 1/2, Determine Kit without Lancets, Buffer or Caplillary Tubes, 100 Tests",Determine,100,2500,287975,115.19,1.15,"Alere Medical Co., Ltd.",Weight Captured Separately,Freight Included in Commodity Cost,296.04
48879,South Africa,PMO - US,Direct Drop,DDP,Air,19-Jul-10,19-Jul-10,ARV,Adult,CIPLA LIMITED,SKU0029,"Tenofovir Disoproxil Fumarate 300mg, tablets, 30 Tabs",Generic,30,11574,90508.68,7.82,0.26,"Cipla, Goa, India",793,916.22,195.14
48906,South Africa,PMO - US,Direct Drop,DDP,Truck,2-Jun-15,2-Jun-15,ARV,Adult,PHARMACY DIRECT,SKU0105,"Emtricitabine/Tenofovir Disoproxil Fumarate 200/300mg, tablets, 30 Tabs",Generic,30,13,283.8,21.83,0.73,"Aurobindo Unit III, India",Weight Captured Separately,Freight Included in Commodity Cost,0.29
48923,South Africa,PMO - US,Direct Drop,DDP,Truck,26-Jan-15,26-Jan-15,ARV,Adult,PHARMACY DIRECT,SKU0129,"Raltegravir 400mg [Isentress], tablets, 60 Tabs",Isentress,60,6,366.99,61.16,1.02,"MSD, Haarlem, NL",Weight Captured Separately,Freight Included in Commodity Cost,0.38
48945,Uganda,PMO - US,Direct Drop,EXW,Ocean,6-Nov-13,6-Nov-13,ARV,Adult,MYLAN LABORATORIES LTD (FORMERLY MATRIX LABORATORIES),SKU0011,"Lamivudine/Zidovudine 150/300mg, tablets, 60 Tabs",Generic,60,165179,1072011.71,6.49,0.11,Mylan (formerly Matrix) Nashik,37127,33981.11,1326.08
48958,"Congo, DRC",PMO - US,Direct Drop,EXW,Air,4-Apr-14,4-Apr-14,HRDT,HIV test,"Trinity Biotech, Plc",SKU0009,"HIV 1/2, Uni-Gold HIV Kit, 20 Tests",Uni-Gold,20,30,960,32,1.6,"Trinity Biotech, Plc",See ASN-24721 (ID#:13708),See ASN-24721 (ID#:13708),0.99
48994,Vietnam,PMO - US,Direct Drop,EXW,Air,3-Nov-14,3-Nov-14,ARV,Adult,MYLAN LABORATORIES LTD (FORMERLY MATRIX LABORATORIES),SKU0054,"Lamivudine/Nevirapine/Zidovudine 150/200/300mg, tablets, 60 Tabs",Generic,60,20000,162000,8.1,0.13,Mylan (formerly Matrix) Nashik,4168,6717.79,166.54
49003,Tanzania,PMO - US,Direct Drop,FCA,Air,24-Oct-11,24-Oct-11,ARV,Adult,ABBVIE LOGISTICS (FORMERLY ABBOTT LOGISTICS BV),SKU0008,"Lopinavir/Ritonavir 200/50mg [Aluvia], tablets, 120 Tabs",Aluvia,120,20000,674000,33.7,0.28,ABBVIE Ludwigshafen Germany,4727,21584.02,1112.1
49014,Kenya,PMO - US,Direct Drop,EXW,Air,30-Sep-11,30-Sep-11,HRDT,HIV test,"Orgenics, Ltd",SKU0002,"HIV 1/2, Determine Complete HIV Kit, 100 Tests",Determine,100,8276,736564,89,0.89,Inverness Japan,2050,23226.6,1215.33
49025,Cameroon,PMO - US,Direct Drop,EXW,Air,22-Oct-13,22-Oct-13,HRDT,HIV test,Orasure Technologies Inc.,SKU0123,"HIV 1/2, OraQuick Rapid Antibody Kit, 100 Tests",OraQuick,100,2000,700000,350,3.5,"Orasure Technologies, Inc",5006,88560.19,865.9
49063,Nigeria,PMO - US,Direct Drop,EXW,Air,7-Nov-13,5-Nov-13,HRDT,HIV test,"Orgenics, Ltd",SKU0002,"HIV 1/2, Determine Complete HIV Kit, 100 Tests",Determine,100,3073,273497,89,0.89,"Alere Medical Co., Ltd.",1248,20602.3,338.32
49071,South Africa,PMO - US,Direct Drop,DDP,Truck,12-May-15,12-May-15,ARV,Pediatric,PHARMACY DIRECT,SKU0144,"Atazanavir 150mg [Reyataz], capsules, 60 Caps",Reyataz,60,3,47.7,15.9,0.26,"BMS Evansville, US",Weight Captured Separately,Freight Included in Commodity Cost,0.05
49076,Vietnam,PMO - US,Direct Drop,EXW,Air,5-Jul-13,5-Jul-13,ARV,Adult,HETERO LABS LIMITED,SKU0054,"Lamivudine/Nevirapine/Zidovudine 150/200/300mg, tablets, 60 Tabs",Generic,60,39045,320559.45,8.21,0.14,Hetero Unit III Hyderabad IN,5092,7312.6,396.53
49085,Sudan,PMO - US,Direct Drop,EXW,Air,6-Jan-12,6-Jan-12,HRDT,HIV test - Ancillary,"Orgenics, Ltd",SKU0084,"Capillary Tubes, for Determine, EDTA, 50uL,100 Pcs",Determine,100,4,32,8,0.08,"Alere Medical Co., Ltd.",2,942.64,0.05
49116,Tanzania,PMO - US,Direct Drop,FCA,Air,26-Aug-14,26-Aug-14,ARV,Pediatric,ABBVIE LOGISTICS (FORMERLY ABBOTT LOGISTICS BV),SKU0042,"Lopinavir/Ritonavir 80/20mg/ml [Kaletra], oral solution, cool, Bottle 5 x 60 ml",Kaletra,300,268,8259.76,30.82,0.1,ABBVIE (Abbott) Logis. UK,261,2569.33,8.49
49150,Ethiopia,PMO - US,Direct Drop,EXW,Air,9-May-12,9-May-12,HRDT,HIV test,"CHEMBIO DIAGNOSTIC SYSTEMS, INC.",SKU0016,"HIV 1/2, Stat-Pak HIV, Kit, 20 Tests",Stat-Pak,20,44,1276,29,1.45,Chembio Diagnostics Sys. Inc.,Weight Captured Separately,Invoiced Separately,1.79
49169,Rwanda,PMO - US,Direct Drop,CIP,Air,26-Apr-12,26-Apr-12,ARV,Adult,MYLAN LABORATORIES LTD (FORMERLY MATRIX LABORATORIES),SKU0113,"Efavirenz/Lamivudine/Tenofovir Disoproxil Fumarate 600/300/300mg, tablets, 30 Tabs",Generic,30,4560,62335.2,13.67,0.46,Mylan (formerly Matrix) Nashik,561,5610.17,87.39
49211,South Africa,PMO - US,Direct Drop,DDP,Ocean,31-Jan-12,31-Jan-12,ARV,Adult,CIPLA LIMITED,SKU0007,"Nevirapine 200mg, tablets, 60 Tabs",Generic,60,57925,157556,2.72,0.05,"Cipla, Goa, India",6220,7175.28,259.97
49214,Rwanda,PMO - US,Direct Drop,CIP,Air,9-Apr-10,9-Apr-10,ARV,Adult,HETERO LABS LIMITED,SKU0007,"Nevirapine 200mg, tablets, 60 Tabs",Generic,60,60300,186327,3.09,0.05,Hetero Unit III Hyderabad IN,3539,16769.43,365.2
49225,Vietnam,PMO - US,Direct Drop,EXW,Air,20-May-10,20-May-10,ARV,Adult,Aurobindo Pharma Limited,SKU0004,"Stavudine 30mg, capsules, 60 Caps",Generic,60,15624,22654.8,1.45,0.02,"Aurobindo Unit III, India",1056,2160.52,48.84
49254,South Africa,South Africa Field Office,Direct Drop,DDP,Truck,16-Apr-13,16-Apr-13,ARV,Adult,S. BUYS WHOLESALER,SKU0007,"Nevirapine 200mg, tablets, 60 Tabs",Generic,60,265,4896.7,18.48,0.31,"Cipla, Goa, India",Weight Captured Separately,Freight Included in Commodity Cost,6.06
49320,Uganda,PMO - US,Direct Drop,FCA,Air,4-May-12,4-May-12,ARV,Adult,ABBVIE LOGISTICS (FORMERLY ABBOTT LOGISTICS BV),SKU0110,"Ritonavir 100mg [Norvir], film coated tablets, 60 Tabs",Norvir,60,429,2938.65,6.85,0.11,ABBVIE Ludwigshafen Germany,62,1060.22,4.12
49359,South Africa,PMO - US,Direct Drop,DDP,Truck,9-Jan-15,9-Jan-15,ARV,Adult,PHARMACY DIRECT,SKU0132,"Efavirenz/Emtricitabine/Tenofovir Disoproxil Fumarate 600/200/300mg, tablets, 30 Tabs",Generic,30,5000,185776.9,37.16,1.24,Mylan (formerly Matrix) Nashik,Weight Captured Separately,Freight Included in Commodity Cost,218.66
49363,South Sudan,PMO - US,Direct Drop,EXW,Air,16-Aug-13,16-Aug-13,HRDT,HIV test - Ancillary,"Orgenics, Ltd",SKU0136,"Chase Buffer, Determine, 100 Tests, 2.5ml x 1 Vial",Determine,1,45,225,5,5,"Alere Medical Co., Ltd.",See ASN-19428 (ID#:12981),See ASN-19428 (ID#:12981),0.28
49366,South Africa,PMO - US,Direct Drop,DDP,Ocean,31-Jan-11,4-Mar-11,ARV,Adult,Aurobindo Pharma Limited,SKU0003,"Lamivudine 150mg, tablets, 60 Tabs",Generic,60,76554,181432.98,2.37,0.04,"Aurobindo Unit III, India",Weight Captured Separately,Freight Included in Commodity Cost,391.17
49378,Zambia,PMO - US,Direct Drop,EXW,Air,3-Feb-10,3-Feb-10,HRDT,HIV test,"Trinity Biotech, Plc",SKU0009,"HIV 1/2, Uni-Gold HIV Kit, 20 Tests",Uni-Gold,20,5500,176000,32,1.6,"Trinity Biotech, Plc",1907,17975.84,344.96
49380,South Africa,PMO - US,Direct Drop,DDP,Truck,29-Oct-09,29-Oct-09,ARV,Adult,S. BUYS WHOLESALER,SKU0003,"Lamivudine 150mg, tablets, 60 Tabs",Generic,60,2000,19410.49,9.71,0.16,"Aurobindo Unit III, India",Weight Captured Separately,Freight Included in Commodity Cost,38.04
49386,South Africa,PMO - US,Direct Drop,DDP,Ocean,14-Jul-11,14-Jul-11,ARV,Adult,CIPLA LIMITED,SKU0029,"Tenofovir Disoproxil Fumarate 300mg, tablets, 30 Tabs",Generic,30,54008,349431.76,6.47,0.22,"Cipla, Goa, India",3658,12796.59,576.56
49387,South Sudan,PMO - US,Direct Drop,EXW,Air,5-Sep-12,5-Sep-12,HRDT,HIV test,"Trinity Biotech, Plc",SKU0009,"HIV 1/2, Uni-Gold HIV Kit, 20 Tests",Uni-Gold,20,749,23968,32,1.6,"Trinity Biotech, Plc",262,4669.02,33.6
49405,Kenya,PMO - US,Direct Drop,EXW,Air,12-Nov-10,12-Nov-10,HRDT,HIV test,"Orgenics, Ltd",SKU0002,"HIV 1/2, Determine Complete HIV Kit, 100 Tests",Determine,100,2578,229442,89,0.89,Inverness Japan,1427,15353.45,494.68
49406,Tanzania,PMO - US,Direct Drop,EXW,Air,10-Dec-14,10-Dec-14,HRDT,HIV test,"Orgenics, Ltd",SKU0002,"HIV 1/2, Determine Complete HIV Kit, 100 Tests",Determine,100,504,40320,80,0.8,"Alere Medical Co., Ltd.",204,2788.07,41.45
49429,Uganda,PMO - US,Direct Drop,EXW,Air,11-Jul-13,11-Jul-13,HRDT,HIV test,"Orgenics, Ltd",SKU0002,"HIV 1/2, Determine Complete HIV Kit, 100 Tests",Determine,100,3047,243760,80,0.8,"Alere Medical Co., Ltd.",1323,16337.04,301.53
49435,Ghana,PMO - US,Direct Drop,EXW,Air,23-Jun-14,23-Jun-14,ARV,Pediatric,Aurobindo Pharma Limited,SKU0049,"Efavirenz 50mg, capsule, 30 Caps",Generic,30,33000,51480,1.56,0.05,"Aurobindo Unit III, India",2343,20464.55,52.92
49436,South Africa,South Africa Field Office,Direct Drop,DDP,Truck,16-Apr-13,16-Apr-13,ARV,Pediatric,S. BUYS WHOLESALER,SKU0087,"Abacavir 20mg/ml [Ziagen], oral solution, Bottle, 240 ml",Ziagen,240,42,870.41,20.72,0.09,GSK Mississauga (Canada),Weight Captured Separately,Freight Included in Commodity Cost,1.08
49494,Vietnam,PMO - US,Direct Drop,EXW,Air,16-Sep-14,16-Sep-14,ARV,Adult,HETERO LABS LIMITED,SKU0113,"Efavirenz/Lamivudine/Tenofovir Disoproxil Fumarate 600/300/300mg, tablets, 30 Tabs",Generic,30,3096,32508,10.5,0.35,Hetero Unit III Hyderabad IN,See ASN-27809 (ID#:13106),See ASN-27809 (ID#:13106),33.42
49498,Uganda,PMO - US,Direct Drop,CIP,Air,5-Oct-12,5-Oct-12,ARV,Adult,MERCK SHARP & DOHME IDEA GMBH (FORMALLY MERCK SHARP & DOHME B.V.),SKU0129,"Raltegravir 400mg [Isentress], tablets, 60 Tabs",Isentress,60,390,21645,55.5,0.92,"MSD, Haarlem, NL",39,433,30.35
49529,South Africa,PMO - US,Direct Drop,DDP,Truck,10-Sep-09,10-Sep-09,ARV,Adult,S. BUYS WHOLESALER,SKU0026,"Efavirenz 600mg, tablets, 30 Tabs",Generic,30,29672,524304.06,17.67,0.59,"Cipla, Goa, India",Weight Captured Separately,Freight Included in Commodity Cost,1027.64
49535,South Africa,PMO - US,Direct Drop,DDP,Truck,24-Aug-15,24-Aug-15,ARV,Adult,PHARMACY DIRECT,SKU0129,"Raltegravir 400mg [Isentress], tablets, 60 Tabs",Isentress,60,12,789.03,65.75,1.1,"MSD, Haarlem, NL",Weight Captured Separately,Freight Included in Commodity Cost,0.81
49540,South Sudan,PMO - US,Direct Drop,EXW,Air,23-May-13,23-May-13,ARV,Pediatric,Aurobindo Pharma Limited,SKU0120,"Nevirapine 50mg, dispersible tablets (tablets for oral suspension), 30 Tabs",Generic,30,625,781.25,1.25,0.04,"Aurobindo Unit III, India",34,1191.93,0.97
49585,Mozambique,PMO - US,Direct Drop,EXW,Air,14-Feb-14,14-Feb-14,ARV,Adult,HETERO LABS LIMITED,SKU0054,"Lamivudine/Nevirapine/Zidovudine 150/200/300mg, tablets, 60 Tabs",Generic,60,250000,2027500,8.11,0.14,Hetero Unit III Hyderabad IN,34074,146734.85,2084.27
49587,South Africa,PMO - US,Direct Drop,DDP,Truck,27-Aug-14,27-Aug-14,ARV,Adult,S. BUYS WHOLESALER,SKU0058,"Abacavir 300mg, tablets, 60 Tabs",Generic,60,50,3857.34,77.15,1.29,"Aurobindo Unit III, India",Weight Captured Separately,Freight Included in Commodity Cost,4.77
49607,South Africa,PMO - US,Direct Drop,DDP,Truck,29-Dec-09,29-Dec-09,ARV,Pediatric,S. BUYS WHOLESALER,SKU0028,"Didanosine 25mg [Videx], chewable tablets, 60 Tabs",Videx,60,8,121.46,15.18,0.25,"BMS Meymac, France",Weight Captured Separately,Freight Included in Commodity Cost,0.26
49653,Uganda,PMO - US,Direct Drop,CIP,Air,20-Nov-13,20-Nov-13,ARV,Adult,ASPEN PHARMACARE,SKU0139,"Darunavir 300mg [Prezista], tablets, 120 Tabs",Prezista,120,287,19114.2,66.6,0.55,"Aspen-OSD, Port Elizabeth, SA",See ASN-22706 (ID#:46447),See ASN-22706 (ID#:46447),23.64
49656,South Africa,PMO - US,Direct Drop,DDP,Truck,13-Jan-14,13-Jan-14,ARV,Adult,S. BUYS WHOLESALER,SKU0014,"Zidovudine 300mg, tablets, 60 Tabs",Generic,60,32,790.81,24.71,0.41,"Aurobindo Unit III, India",Weight Captured Separately,Freight Included in Commodity Cost,0.81
49660,South Sudan,PMO - US,Direct Drop,EXW,Air,25-Jul-15,25-Jul-15,HRDT,HIV test,"Trinity Biotech, Plc",SKU0009,"HIV 1/2, Uni-Gold HIV Kit, 20 Tests",Uni-Gold,20,10,320,32,1.6,"Trinity Biotech, Plc",See ASN-31765 (ID#:41640),See ASN-31765 (ID#:41640),0.38
49694,South Africa,PMO - US,Direct Drop,DDP,Ocean,7-Apr-11,7-Apr-11,ARV,Adult,Aurobindo Pharma Limited,SKU0014,"Zidovudine 300mg, tablets, 60 Tabs",Generic,60,70030,513319.9,7.33,0.12,"Aurobindo Unit III, India",3534,17919.41,1106.72
49749,South Sudan,PMO - US,Direct Drop,EXW,Air,20-Jul-13,20-Jul-13,HRDT,HIV test - Ancillary,"Orgenics, Ltd",SKU0136,"Chase Buffer, Determine, 100 Tests, 2.5ml x 1 Vial",Determine,1,115,575,5,5,"Alere Medical Co., Ltd.",See ASN-19142 (ID#:22600),See ASN-19142 (ID#:22600),0.71
49760,South Africa,PMO - US,Direct Drop,DDP,Truck,5-Nov-14,5-Nov-14,ARV,Adult,PHARMACY DIRECT,SKU0069,"Didanosine 250mg, delayed-release capsules, 30 Caps",Generic,30,6,91.48,15.25,0.51,"Aurobindo Unit III, India",Weight Captured Separately,Freight Included in Commodity Cost,0.09
49765,"Congo, DRC",PMO - US,Direct Drop,EXW,Air,2-Jul-15,2-Jul-15,HRDT,HIV test,"Trinity Biotech, Plc",SKU0009,"HIV 1/2, Uni-Gold HIV Kit, 20 Tests",Uni-Gold,20,9,288,32,1.6,"Trinity Biotech, Plc",See ASN-31750 (ID#:19272),See ASN-31750 (ID#:19272),0.34
49796,South Africa,PMO - US,Direct Drop,DDP,Truck,10-Dec-14,10-Dec-14,ARV,Pediatric,S. BUYS WHOLESALER,SKU0071,"Abacavir 20mg/ml, oral solution, Bottle, 240 ml",Generic,240,191,4145.72,21.71,0.09,"Aurobindo Unit III, India",Weight Captured Separately,Freight Included in Commodity Cost,4.88
49829,Burundi,PMO - US,Direct Drop,EXW,Air,18-Nov-13,18-Nov-13,HRDT,HIV test,"Orgenics, Ltd",SKU0002,"HIV 1/2, Determine Complete HIV Kit, 100 Tests",Determine,100,2796,223680,80,0.8,"Alere Medical Co., Ltd.",1133,20572.96,276.69
49832,South Sudan,PMO - US,Direct Drop,EXW,Air,20-Sep-13,20-Sep-13,HRDT,HIV test,"Orgenics, Ltd",SKU0002,"HIV 1/2, Determine Complete HIV Kit, 100 Tests",Determine,100,250,22250,89,0.89,"Alere Medical Co., Ltd.",See ASN-20331 (ID#:34113),See ASN-20331 (ID#:34113),27.52
49837,Rwanda,PMO - US,Direct Drop,FCA,Air,27-Feb-12,27-Feb-12,ARV,Adult,ABBVIE LOGISTICS (FORMERLY ABBOTT LOGISTICS BV),SKU0110,"Ritonavir 100mg [Norvir], film coated tablets, 60 Tabs",Norvir,60,110,753.5,6.85,0.11,ABBVIE Ludwigshafen Germany,43,1046.02,1.24
49859,Côte d'Ivoire,PMO - US,Direct Drop,CIP,Air,18-Dec-09,18-Dec-09,ARV,Adult,MERCK SHARP & DOHME IDEA GMBH (FORMALLY MERCK SHARP & DOHME B.V.),SKU0038,"Efavirenz/Emtricitabine/Tenofovir Disoproxil Fumarate 600/200/300mg [Atripla], tablets, 30 Tabs",Atripla,30,6960,350784,50.4,1.68,"MSD, Haarlem, NL",Weight Captured Separately,Freight Included in Commodity Cost,687.54
49875,Haiti,PMO - US,Direct Drop,DAP,Air,20-Dec-12,20-Dec-12,HRDT,HIV test,REINBOLD EXPORT IMPORT,SKU0002,"HIV 1/2, Determine Complete HIV Kit, 100 Tests",Determine,100,4000,466000,116.5,1.16,"Alere Medical Co., Ltd.",Weight Captured Separately,Freight Included in Commodity Cost,576.44
49881,South Africa,PMO - US,Direct Drop,DDP,Ocean,15-Sep-11,22-Sep-11,ARV,Adult,Aurobindo Pharma Limited,SKU0029,"Tenofovir Disoproxil Fumarate 300mg, tablets, 30 Tabs",Generic,30,124312,826674.8,6.65,0.22,"Aurobindo Unit III, India",11603,10748.8,1364.01
49907,Malawi,PMO - US,Direct Drop,EXW,Ocean,24-Jul-13,24-Jul-13,ARV,Adult,MYLAN LABORATORIES LTD (FORMERLY MATRIX LABORATORIES),SKU0113,"Efavirenz/Lamivudine/Tenofovir Disoproxil Fumarate 600/300/300mg, tablets, 30 Tabs",Generic,30,60000,689400,11.49,0.38,Mylan (formerly Matrix) Nashik,6778,15020.21,852.79
49919,Vietnam,PMO - US,Direct Drop,EXW,Air,15-Jan-15,15-Jan-15,ARV,Adult,MYLAN LABORATORIES LTD (FORMERLY MATRIX LABORATORIES),SKU0054,"Lamivudine/Nevirapine/Zidovudine 150/200/300mg, tablets, 60 Tabs",Generic,60,7000,56700,8.1,0.13,Mylan (formerly Matrix) Nashik,974,1069.31,58.29
49926,Côte d'Ivoire,PMO - US,Direct Drop,EXW,Air,24-Jun-13,24-Jun-13,HRDT,HIV test,BIO-RAD LABORATORIES (FRANCE),SKU0156,"HIV 1/2, Genie III Kit, 50 Tests",Genie,50,900,81900,91,1.82,Bio-Rad Laboratories,Weight Captured Separately,Invoiced Separately,114.82
49957,South Africa,PMO - US,Direct Drop,DDP,Truck,5-Aug-09,5-Aug-09,ARV,Pediatric,S. BUYS WHOLESALER,SKU0049,"Efavirenz 50mg, capsule, 30 Caps",Generic,30,4910,18698.88,3.81,0.13,"Aurobindo Unit III, India",Weight Captured Separately,Freight Included in Commodity Cost,36.65
50031,South Africa,PMO - US,Direct Drop,DDP,Truck,7-Feb-14,7-Feb-14,ARV,Pediatric,S. BUYS WHOLESALER,SKU0066,"Efavirenz 200mg, capsule, 90 Caps",Generic,90,46,1196.97,26.02,0.29,"Aurobindo Unit III, India",Weight Captured Separately,Freight Included in Commodity Cost,1.48
50078,South Africa,PMO - US,Direct Drop,DDP,Truck,29-Dec-09,29-Dec-09,ARV,Adult,S. BUYS WHOLESALER,SKU0032,"Didanosine EC 400mg [Videx EC], delayed-release capsules, Blister 3 x 10 Caps",Videx EC,30,30,846.07,28.2,0.94,"BMS Meymac, France",Weight Captured Separately,Freight Included in Commodity Cost,1.82
50109,South Africa,PMO - US,Direct Drop,DDP,Truck,27-Aug-14,27-Aug-14,ARV,Adult,S. BUYS WHOLESALER,SKU0069,"Didanosine 250mg, delayed-release capsules, 30 Caps",Generic,30,8,136.19,17.02,0.57,"Aurobindo Unit III, India",Weight Captured Separately,Freight Included in Commodity Cost,0.17
50220,"Congo, DRC",PMO - US,Direct Drop,EXW,Air,4-Nov-14,4-Nov-14,HRDT,HIV test,"Trinity Biotech, Plc",SKU0009,"HIV 1/2, Uni-Gold HIV Kit, 20 Tests",Uni-Gold,20,70,2240,32,1.6,"Trinity Biotech, Plc",See ASN-28279 (ID#:13547),See ASN-28279 (ID#:13547),2.3
50231,Vietnam,PMO - US,Direct Drop,EXW,Air,2-Jul-10,2-Jul-10,ARV,Adult,MYLAN LABORATORIES LTD (FORMERLY MATRIX LABORATORIES),SKU0058,"Abacavir 300mg, tablets, 60 Tabs",Generic,60,151,2399.39,15.89,0.26,Mylan (formerly Matrix) Nashik,749,7488.39,5.17
50235,Zimbabwe,PMO - US,Direct Drop,EXW,Air,14-May-15,14-May-15,HRDT,HIV test - Ancillary,"Orgenics, Ltd",SKU0136,"Chase Buffer, Determine, 100 Tests, 2.5ml x 1 Vial",Determine,1,6500,32500,5,5,"Alere Medical Co., Ltd.",See ASN-31132 (ID#:36641),See ASN-31132 (ID#:36641),38.25
50255,Vietnam,PMO - US,Direct Drop,EXW,Air,19-Mar-10,19-Mar-10,ARV,Adult,Aurobindo Pharma Limited,SKU0004,"Stavudine 30mg, capsules, 60 Caps",Generic,60,10416,15103.2,1.45,0.02,"Aurobindo Unit III, India",See ASN-6266 (ID#:15368),See ASN-6266 (ID#:15368),29.6
50261,Zimbabwe,PMO - US,Direct Drop,EXW,Air Charter,23-Jul-14,22-Jul-14,ARV,Adult,Aurobindo Pharma Limited,SKU0107,"Lamivudine/Tenofovir Disoproxil Fumarate 300/300mg, tablets, 30 Tabs",Generic,30,18000,83700,4.65,0.16,"Aurobindo Unit VII, IN",1764,13959.22,86.04
50287,Zambia,PMO - US,Direct Drop,EXW,Air,14-Feb-14,14-Feb-14,ARV,Adult,MYLAN LABORATORIES LTD (FORMERLY MATRIX LABORATORIES),SKU0014,"Zidovudine 300mg, tablets, 60 Tabs",Generic,60,6160,40040,6.5,0.11,Mylan (formerly Matrix) Nashik,356,2543.67,41.16
50294,Zimbabwe,PMO - US,Direct Drop,EXW,Air Charter,14-Jun-14,14-Jun-14,ARV,Adult,HETERO LABS LIMITED,SKU0007,"Nevirapine 200mg, tablets, 60 Tabs",Generic,60,78000,170040,2.18,0.04,Hetero Unit III Hyderabad IN,5163,41158.49,174.8
50301,South Africa,PMO - US,Direct Drop,DDP,Truck,5-Nov-14,5-Nov-14,ARV,Adult,PHARMACY DIRECT,SKU0105,"Emtricitabine/Tenofovir Disoproxil Fumarate 200/300mg, tablets, 30 Tabs",Generic,30,11,332.32,30.21,1.01,"Aurobindo Unit III, India",Weight Captured Separately,Freight Included in Commodity Cost,0.34
50309,Uganda,PMO - US,Direct Drop,EXW,Air,10-Apr-13,10-Apr-13,ARV,Pediatric,MICRO LABS LIMITED,SKU0049,"Efavirenz 50mg, capsule, 30 Caps",Generic,30,168,336,2,0.07,"Micro labs, Verna, Goa, India",8,1021.34,0.42
50314,South Africa,PMO - US,Direct Drop,DDP,Ocean,4-Apr-11,4-Apr-11,ARV,Adult,CIPLA LIMITED,SKU0029,"Tenofovir Disoproxil Fumarate 300mg, tablets, 30 Tabs",Generic,30,82500,565950,6.86,0.23,"Cipla, Goa, India",5624,7378.63,933.82
50316,Nigeria,PMO - US,Direct Drop,EXW,Air,16-Nov-09,16-Nov-09,HRDT,HIV test,"Orgenics, Ltd",SKU0002,"HIV 1/2, Determine Complete HIV Kit, 100 Tests",Determine,100,4817,385360,80,0.8,Inverness Japan,2305,43338.93,755.31
50345,Swaziland,PMO - US,Direct Drop,EXW,Air,6-Feb-12,6-Feb-12,ARV,Adult,Aurobindo Pharma Limited,SKU0170,"Lamivudine/Zidovudine+Efavirenz 150/300mg+600mg, tablets, co-blister 60+30 Tabs",Generic,90,20000,272000,13.6,0.15,"Aurobindo Unit III, India",3295,17214.74,448.8
50380,South Africa,PMO - US,Direct Drop,DDP,Truck,6-Feb-14,6-Feb-14,ARV,Adult,S. BUYS WHOLESALER,SKU0134,"Didanosine 400mg, delayed-release capsules, 30 Caps",Generic,30,58,1068.21,18.42,0.61,"Aurobindo Unit III, India",Weight Captured Separately,Freight Included in Commodity Cost,1.32
50383,Tanzania,PMO - US,Direct Drop,FCA,Air,29-Mar-12,29-Mar-12,ARV,Pediatric,LAWRENCE LABORATORIES (SUBSIDIARY OF BRISTOL MYERS SQUIBB),SKU0028,"Didanosine 25mg [Videx], chewable tablets, 60 Tabs",Videx,60,3000,21000,7,0.12,Bristol-Myers Squibb Anagni IT,See ASN-13952 (ID#:16173),See ASN-13952 (ID#:16173),34.65
50438,South Africa,PMO - US,Direct Drop,DDP,Truck,12-Feb-15,12-Feb-15,ARV,Adult,PHARMACY DIRECT,SKU0134,"Didanosine 400mg, delayed-release capsules, 30 Caps",Generic,30,6,85.3,14.22,0.47,"Aurobindo Unit III, India",Weight Captured Separately,Freight Included in Commodity Cost,0.09
50483,Rwanda,PMO - US,Direct Drop,CIP,Air,19-Nov-09,19-Nov-09,ARV,Adult,Aurobindo Pharma Limited,SKU0029,"Tenofovir Disoproxil Fumarate 300mg, tablets, 30 Tabs",Generic,30,250,2.5,0.01,0,"Aurobindo Unit III, India",24,280.23,0
50498,South Africa,PMO - US,Direct Drop,DDP,Truck,10-Dec-14,10-Dec-14,ARV,Pediatric,S. BUYS WHOLESALER,SKU0048,"Lamivudine 10mg/ml, oral solution, Bottle, 240 ml",Generic,240,36,228.01,6.33,0.03,"Aurobindo Unit III, India",Weight Captured Separately,Freight Included in Commodity Cost,0.27
50514,Haiti,PMO - US,Direct Drop,EXW,Air,7-Aug-14,7-Aug-14,HRDT,HIV test,"Orgenics, Ltd",SKU0002,"HIV 1/2, Determine Complete HIV Kit, 100 Tests",Determine,100,4500,450000,100,1,"Alere Medical Co., Ltd.",1825,17758.82,462.6
50524,South Africa,PMO - US,Direct Drop,DDP,Truck,19-Oct-09,19-Oct-09,ARV,Pediatric,S. BUYS WHOLESALER,SKU0042,"Lopinavir/Ritonavir 80/20mg/ml [Kaletra], oral solution, cool, Bottle 5 x 60 ml",Kaletra,300,100,4835.18,48.35,0.16,ABBVIE (Abbott) Logis. UK,Weight Captured Separately,Freight Included in Commodity Cost,9.48
50581,Zambia,PMO - US,Direct Drop,EXW,Air,22-Jul-11,25-Jul-11,HRDT,HIV test,"Orgenics, Ltd",SKU0002,"HIV 1/2, Determine Complete HIV Kit, 100 Tests",Determine,100,2835,226800,80,0.8,Inverness Japan,1094,24400.67,374.22
50607,Haiti,PMO - US,Direct Drop,EXW,Air,17-Dec-09,17-Dec-09,ARV,Adult,Aurobindo Pharma Limited,SKU0135,"Lopinavir/Ritonavir 200/50mg, tablets, 120 Tabs",Generic,120,740,27750,37.5,0.31,"Aurobindo Unit III, India",203,2228.92,59.83
50613,Vietnam,PMO - US,Direct Drop,EXW,Air,20-Mar-10,20-Mar-10,ARV,Adult,MYLAN LABORATORIES LTD (FORMERLY MATRIX LABORATORIES),SKU0029,"Tenofovir Disoproxil Fumarate 300mg, tablets, 30 Tabs",Generic,30,1680,12600,7.5,0.25,Mylan (formerly Matrix) Nashik,See ASN-6250 (ID#:17228),See ASN-6250 (ID#:17228),24.7
50626,South Africa,PMO - US,Direct Drop,DDP,Truck,5-Aug-14,5-Aug-14,ARV,Pediatric,PHARMACY DIRECT,SKU0144,"Atazanavir 150mg [Reyataz], capsules, 60 Caps",Reyataz,60,6,132.03,22,0.37,"BMS Evansville, US",Weight Captured Separately,Freight Included in Commodity Cost,0.14
50636,South Africa,PMO - US,Direct Drop,DDP,Truck,28-Apr-15,28-Apr-15,ARV,Adult,PHARMACY DIRECT,SKU0014,"Zidovudine 300mg, tablets, 60 Tabs",Generic,60,7,174.67,24.95,0.42,"Aurobindo Unit III, India",Weight Captured Separately,Freight Included in Commodity Cost,0.18
50662,Zambia,PMO - US,Direct Drop,EXW,Air,23-Nov-10,23-Nov-10,HRDT,HIV test,"Trinity Biotech, Plc",SKU0009,"HIV 1/2, Uni-Gold HIV Kit, 20 Tests",Uni-Gold,20,7000,224000,32,1.6,"Trinity Biotech, Plc",2304,33525.96,482.94
50665,Côte d'Ivoire,PMO - US,Direct Drop,FCA,Air,6-Nov-09,6-Nov-09,ARV,Adult,ABBVIE LOGISTICS (FORMERLY ABBOTT LOGISTICS BV),SKU0008,"Lopinavir/Ritonavir 200/50mg [Aluvia], tablets, 120 Tabs",Aluvia,120,10560,381849.6,36.16,0.3,ABBVIE Ludwigshafen Germany,2598,15873.33,748.43
50706,South Africa,South Africa Field Office,Direct Drop,DDP,Truck,16-Apr-13,16-Apr-13,ARV,Adult,S. BUYS WHOLESALER,SKU0051,"Zidovudine 300mg [Retrovir], tablets, 60 Tabs",Retrovir,60,2,31.73,15.86,0.26,GSK Aranda,Weight Captured Separately,Freight Included in Commodity Cost,0.04
50723,Namibia,PMO - US,Direct Drop,EXW,Air,15-Mar-11,15-Mar-11,HRDT,HIV test,"Trinity Biotech, Plc",SKU0009,"HIV 1/2, Uni-Gold HIV Kit, 20 Tests",Uni-Gold,20,520,16640,32,1.6,"Trinity Biotech, Plc",177,3496.34,27.46
50730,Haiti,PMO - US,Direct Drop,FCA,Air,13-Jun-12,13-Jun-12,ARV,Pediatric,LAWRENCE LABORATORIES (SUBSIDIARY OF BRISTOL MYERS SQUIBB),SKU0028,"Didanosine 25mg [Videx], chewable tablets, 60 Tabs",Videx,60,120,840,7,0.12,Bristol-Myers Squibb Anagni IT,26,575.17,1.18
50739,South Africa,PMO - US,Direct Drop,DDP,Ocean,1-Feb-11,4-Mar-11,ARV,Adult,Aurobindo Pharma Limited,SKU0026,"Efavirenz 600mg, tablets, 30 Tabs",Generic,30,120,541.2,4.51,0.15,"Aurobindo Unit III, India",10,19518.98,1.17
50752,Mali,PMO - US,Direct Drop,EXW,Air,18-Feb-15,18-Feb-15,HRDT,HIV test,"Orgenics, Ltd",SKU0002,"HIV 1/2, Determine Complete HIV Kit, 100 Tests",Determine,100,150,12000,80,0.8,"Alere Medical Co., Ltd.",66,2572.91,12.34
50754,South Africa,PMO - US,Direct Drop,DDP,Ocean,9-Dec-11,9-Dec-11,ARV,Adult,CIPLA LIMITED,SKU0029,"Tenofovir Disoproxil Fumarate 300mg, tablets, 30 Tabs",Generic,30,112595,728489.65,6.47,0.22,"Cipla, Goa, India",7991,9972.68,1202.01
50755,Haiti,PMO - US,Direct Drop,EXW,Ocean,7-Aug-13,7-Aug-13,ARV,Adult,Aurobindo Pharma Limited,SKU0058,"Abacavir 300mg, tablets, 60 Tabs",Generic,60,2160,24840,11.5,0.19,"Aurobindo Unit III, India",See ASN-18919 (ID#:14578),See ASN-18919 (ID#:14578),30.73
50758,Tanzania,PMO - US,Direct Drop,EXW,Air,10-Feb-10,10-Feb-10,HRDT,HIV test,"Standard Diagnostics, Inc.",SKU0086,"HIV 1/2, Bioline 3.0 Kit, (no accessories), 30 Tests",Bioline,30,11990,287760,24,0.8,"Standard Diagnostics, Korea",3997,28620.81,564.01
50798,Haiti,PMO - US,Direct Drop,EXW,Ocean,28-Oct-14,28-Oct-14,ARV,Pediatric,Aurobindo Pharma Limited,SKU0048,"Lamivudine 10mg/ml, oral solution, Bottle, 240 ml",Generic,240,1650,2359.5,1.43,0.01,"Aurobindo Unit III, India",See ASN-27659 (ID#:16881),See ASN-27659 (ID#:16881),2.43
50802,Tanzania,PMO - US,Direct Drop,EXW,Air,31-Dec-13,31-Dec-13,ARV,Adult,Aurobindo Pharma Limited,SKU0014,"Zidovudine 300mg, tablets, 60 Tabs",Generic,60,11500,62445,5.43,0.09,"Aurobindo Unit III, India",632,4168.19,77.24
50876,Rwanda,PMO - US,Direct Drop,EXW,Ocean,11-Jan-13,11-Jan-13,ARV,Adult,HETERO LABS LIMITED,SKU0044,"Lamivudine/Nevirapine/Stavudine 150/200/30mg, tablets, 60 Tabs",Generic,60,63410,278369.9,4.39,0.07,Hetero Unit III Hyderabad IN,6589,17075.43,390.27
50893,South Africa,PMO - US,Direct Drop,DDP,Air,11-Jul-11,11-Jul-11,ARV,Pediatric,GLAXOSMITHKLINE EXPORT LIMITED,SKU0087,"Abacavir 20mg/ml [Ziagen], oral solution, Bottle, 240 ml",Ziagen,240,32000,320640,10.02,0.04,GSK Mississauga (Canada),12374,11865.62,529.06
50901,Uganda,PMO - US,Direct Drop,EXW,Air,14-Jun-14,14-Jun-14,HRDT,HIV test,"Orgenics, Ltd",SKU0002,"HIV 1/2, Determine Complete HIV Kit, 100 Tests",Determine,100,6000,480000,80,0.8,"Alere Medical Co., Ltd.",2432,23178.68,493.44
50907,Burundi,PMO - US,Direct Drop,EXW,Air,21-Aug-15,21-Aug-15,HRDT,HIV test,"Orgenics, Ltd",SKU0002,"HIV 1/2, Determine Complete HIV Kit, 100 Tests",Determine,100,2018,161440,80,0.8,"Alere Medical Co., Ltd.",Weight Captured Separately,Invoiced Separately,190.01
50910,Haiti,PMO - US,Direct Drop,EXW,Ocean,9-Apr-15,9-Apr-15,ARV,Adult,HETERO LABS LIMITED,SKU0011,"Lamivudine/Zidovudine 150/300mg, tablets, 60 Tabs",Generic,60,31806,210237.66,6.61,0.11,Hetero Unit III Hyderabad IN,See ASN-30463 (ID#:15460),See ASN-30463 (ID#:15460),216.12
50918,Rwanda,PMO - US,Direct Drop,EXW,Ocean,1-Mar-11,1-Mar-11,ARV,Adult,HETERO LABS LIMITED,SKU0007,"Nevirapine 200mg, tablets, 60 Tabs",Generic,60,206475,501734.25,2.43,0.04,Hetero Unit III Hyderabad IN,12077,19328.36,1081.74
50968,South Africa,PMO - US,Direct Drop,DDP,Truck,29-Aug-14,29-Aug-14,ARV,Adult,S. BUYS WHOLESALER,SKU0058,"Abacavir 300mg, tablets, 60 Tabs",Generic,60,91,6925.86,76.11,1.27,"Aurobindo Unit III, India",Weight Captured Separately,Freight Included in Commodity Cost,8.57
50971,Haiti,PMO - US,Direct Drop,EXW,Air,12-Jun-12,12-Jun-12,ARV,Pediatric,CIPLA LIMITED,SKU0070,"Lamivudine/Stavudine 30/6mg, dispersible tablets, 60 Tabs",Generic,60,408,775.2,1.9,0.03,"Cipla, Goa, India",26,304.63,1.09
50976,Rwanda,PMO - US,Direct Drop,CIP,Air,28-Jan-11,28-Jan-11,ARV,Adult,MYLAN LABORATORIES LTD (FORMERLY MATRIX LABORATORIES),SKU0113,"Efavirenz/Lamivudine/Tenofovir Disoproxil Fumarate 600/300/300mg, tablets, 30 Tabs",Generic,30,5244,91665.12,17.48,0.58,Mylan (formerly Matrix) Nashik,Weight Captured Separately,Freight Included in Commodity Cost,197.63
50985,South Sudan,PMO - US,Direct Drop,EXW,Air,22-Dec-14,22-Dec-14,HRDT,HIV test - Ancillary,"Orgenics, Ltd",SKU0084,"Capillary Tubes, for Determine, EDTA, 50uL,100 Pcs",Determine,100,115,920,8,0.08,"Alere Medical Co., Ltd.",See ASN-29409 (ID#:20185),See ASN-29409 (ID#:20185),0.95
51016,Nigeria,PMO - US,Direct Drop,EXW,Air,7-May-15,7-May-15,HRDT,HIV test,"Orgenics, Ltd",SKU0002,"HIV 1/2, Determine Complete HIV Kit, 100 Tests",Determine,100,6360,566040,89,0.89,"Alere Medical Co., Ltd.",2579,28759.53,666.23
51034,Nigeria,PMO - US,Direct Drop,EXW,Air,7-Nov-13,7-Nov-13,HRDT,HIV test,"Orgenics, Ltd",SKU0002,"HIV 1/2, Determine Complete HIV Kit, 100 Tests",Determine,100,898,79922,89,0.89,"Alere Medical Co., Ltd.",364,6522.64,98.86
51046,Vietnam,PMO - US,Direct Drop,EXW,Air,26-Dec-12,26-Dec-12,ARV,Adult,Aurobindo Pharma Limited,SKU0007,"Nevirapine 200mg, tablets, 60 Tabs",Generic,60,15945,35876.25,2.25,0.04,"Aurobindo Unit III, India",1479,5180.86,50.3
51063,South Africa,PMO - US,Direct Drop,DDP,Ocean,12-Oct-10,1-Feb-11,ARV,Adult,Aurobindo Pharma Limited,SKU0026,"Efavirenz 600mg, tablets, 30 Tabs",Generic,30,9572,43169.72,4.51,0.15,"Aurobindo Unit III, India",Weight Captured Separately,Freight Included in Commodity Cost,93.07
51073,South Africa,PMO - US,Direct Drop,DDP,Truck,6-Feb-14,6-Feb-14,ARV,Adult,S. BUYS WHOLESALER,SKU0026,"Efavirenz 600mg, tablets, 30 Tabs",Generic,30,757,11261.49,14.88,0.5,"Cipla, Goa, India",Weight Captured Separately,Freight Included in Commodity Cost,13.93
51098,Vietnam,PMO - US,Direct Drop,EXW,Air,28-Feb-11,28-Feb-11,ARV,Adult,MYLAN LABORATORIES LTD (FORMERLY MATRIX LABORATORIES),SKU0058,"Abacavir 300mg, tablets, 60 Tabs",Generic,60,540,8100,15,0.25,Mylan (formerly Matrix) Nashik,See ASN-9568 (ID#:29427),See ASN-9568 (ID#:29427),17.46
51134,Côte d'Ivoire,PMO - US,Direct Drop,EXW,Air,7-Nov-13,7-Nov-13,HRDT,HIV test,"Orgenics, Ltd",SKU0002,"HIV 1/2, Determine Complete HIV Kit, 100 Tests",Determine,100,1800,144000,80,0.8,"Alere Medical Co., Ltd.",730,10351.26,178.13
51148,Vietnam,PMO - US,Direct Drop,EXW,Air,22-Dec-10,22-Dec-10,ARV,Adult,STRIDES ARCOLAB LIMITED,SKU0054,"Lamivudine/Nevirapine/Zidovudine 150/200/300mg, tablets, 60 Tabs",Generic,60,25000,275000,11,0.18,"Strides, Bangalore, India.",See ASN-9118 (ID#:42125),See ASN-9118 (ID#:42125),592.9
51155,Haiti,PMO - US,Direct Drop,EXW,Air,2-Mar-10,2-Mar-10,HRDT,HIV test,Orasure Technologies Inc.,SKU0018,"HIV 1/2, OraQuick Advance HIV Rapid Antibody Kit, 100 Tests",OraQuick,100,100,35000,350,3.5,"Pacific Biotech, Thailand",240,5362.39,75.46
51165,Zambia,PMO - US,Direct Drop,EXW,Air,15-Mar-13,15-Mar-13,HRDT,HIV test,"Trinity Biotech, Plc",SKU0009,"HIV 1/2, Uni-Gold HIV Kit, 20 Tests",Uni-Gold,20,10500,336000,32,1.6,"Trinity Biotech, Plc",3445,39662.72,415.63
51175,Nigeria,PMO - US,Direct Drop,EXW,Air,5-May-10,5-May-10,HRDT,HIV test,"Orgenics, Ltd",SKU0002,"HIV 1/2, Determine Complete HIV Kit, 100 Tests",Determine,100,2685,214800,80,0.8,Inverness Japan,1284,21821.97,463.11
51217,Zimbabwe,PMO - US,Direct Drop,FCA,Air,2-Apr-12,2-Apr-12,ARV,Pediatric,ABBVIE LOGISTICS (FORMERLY ABBOTT LOGISTICS BV),SKU0042,"Lopinavir/Ritonavir 80/20mg/ml [Kaletra], oral solution, cool, Bottle 5 x 60 ml",Kaletra,300,1251,38555.82,30.82,0.1,ABBVIE (Abbott) Logis. UK,1254,54424.24,83.13
51225,South Africa,PMO - US,Direct Drop,DDP,Truck,29-Oct-14,29-Oct-14,ARV,Pediatric,PHARMACY DIRECT,SKU0042,"Lopinavir/Ritonavir 80/20mg/ml [Kaletra], oral solution, cool, Bottle 5 x 60 ml",Kaletra,300,4,88.27,22.07,0.07,ABBVIE (Abbott) Logis. UK,Weight Captured Separately,Freight Included in Commodity Cost,0.09
51233,Vietnam,PMO - US,Direct Drop,EXW,Air,31-Mar-15,31-Mar-15,ARV,Adult,HETERO LABS LIMITED,SKU0003,"Lamivudine 150mg, tablets, 60 Tabs",Generic,60,9400,16920,1.8,0.03,Hetero Unit III Hyderabad IN,1030,1593.67,19.91
51267,Nigeria,PMO - US,Direct Drop,EXW,Air,9-Jan-13,2-Apr-13,HRDT,HIV test,"Orgenics, Ltd",SKU0002,"HIV 1/2, Determine Complete HIV Kit, 100 Tests",Determine,100,2887,256943,89,0.89,"Alere Medical Co., Ltd.",1247,26859.39,360.23
51268,Nigeria,PMO - US,Direct Drop,EXW,Air,9-Jan-13,17-Jan-13,HRDT,HIV test,"Orgenics, Ltd",SKU0002,"HIV 1/2, Determine Complete HIV Kit, 100 Tests",Determine,100,2744,244216,89,0.89,"Alere Medical Co., Ltd.",1235,25577.15,342.39
51275,Vietnam,PMO - US,Direct Drop,EXW,Air,22-May-13,22-May-13,ARV,Pediatric,Aurobindo Pharma Limited,SKU0117,"Zidovudine 10mg/ml, oral solution w/syringe, Bottle, 240 ml",Generic,240,471,989.1,2.1,0.01,"Aurobindo Unit III, India",See ASN-19098 (ID#:21556),See ASN-19098 (ID#:21556),1.22
51340,Haiti,PMO - US,Direct Drop,EXW,Air,24-Jul-13,24-Jul-13,ARV,Pediatric,STRIDES ARCOLAB LIMITED,SKU0140,"Lamivudine/Nevirapine/Zidovudine 30/50/60mg, dispersible tablets, 60 Tabs",Generic,60,4095,16380,4,0.07,"Strides, Bangalore, India.",176,3456.02,20.26
51346,South Africa,PMO - US,Direct Drop,DDP,Truck,10-Dec-14,10-Dec-14,ARV,Adult,S. BUYS WHOLESALER,SKU0008,"Lopinavir/Ritonavir 200/50mg [Aluvia], tablets, 120 Tabs",Aluvia,120,47,971.91,20.68,0.17,ABBVIE Ludwigshafen Germany,Weight Captured Separately,Freight Included in Commodity Cost,1.14
51380,Ethiopia,PMO - US,Direct Drop,EXW,Air,2-Apr-12,2-Apr-12,HRDT,HIV test,"SHANGHAI KEHUA BIOENGINEERING CO.,LTD.  (KHB)",SKU0063,"HIV 1/2, SKB Colloidal Gold, Diagnostic Kit, Antibody, 50 Tests",Colloidal Gold,1,1100,26950,24.5,24.5,"KHB Test Kit Facility, Shanghai China",780,7655.99,37.78
51396,South Africa,PMO - US,Direct Drop,DDP,Ocean,17-Mar-11,17-Mar-11,ARV,Pediatric,Aurobindo Pharma Limited,SKU0130,"Lamivudine 10mg/ml, oral solution w/syringe, Bottle, 240 ml",Generic,240,11640,24676.8,2.12,0.01,"Aurobindo Unit III, India",Weight Captured Separately,Freight Included in Commodity Cost,53.2
51397,South Africa,South Africa Field Office,Direct Drop,DDP,Truck,16-Apr-13,16-Apr-13,ARV,Adult,S. BUYS WHOLESALER,SKU0011,"Lamivudine/Zidovudine 150/300mg, tablets, 60 Tabs",Generic,60,6658,94179.41,14.15,0.24,"Cipla, Goa, India",Weight Captured Separately,Freight Included in Commodity Cost,116.5
51408,Nigeria,PMO - US,Direct Drop,EXW,Air,19-Dec-11,9-Dec-11,HRDT,HIV test,"Orgenics, Ltd",SKU0002,"HIV 1/2, Determine Complete HIV Kit, 100 Tests",Determine,100,2891,257299,89,0.89,"Alere Medical Co., Ltd.",1378,32667.09,424.54
51410,Haiti,PMO - US,Direct Drop,EXW,Ocean,13-Mar-15,13-Mar-15,ARV,Adult,Aurobindo Pharma Limited,SKU0026,"Efavirenz 600mg, tablets, 30 Tabs",Generic,30,39554,130528.2,3.3,0.11,"Aurobindo Unit VII, IN",3823,11051.22,134.18
51432,South Africa,PMO - US,Direct Drop,DDP,Truck,5-Aug-14,5-Aug-14,ARV,Adult,PHARMACY DIRECT,SKU0003,"Lamivudine 150mg, tablets, 60 Tabs",Generic,60,73,667.44,9.14,0.15,"Aurobindo Unit III, India",Weight Captured Separately,Freight Included in Commodity Cost,0.69
51435,Cameroon,PMO - US,Direct Drop,EXW,Air,10-Sep-12,10-Sep-12,HRDT,HIV test - Ancillary,"Orgenics, Ltd",SKU0136,"Chase Buffer, Determine, 100 Tests, 2.5ml x 1 Vial",Determine,1,50,250,5,5,"Alere Medical Co., Ltd.",See ASN-16107 (ID#:32594),See ASN-16107 (ID#:32594),0.35
51440,Zimbabwe,PMO - US,Direct Drop,EXW,Air,9-Dec-13,9-Dec-13,HRDT,HIV test,"Orgenics, Ltd",SKU0002,"HIV 1/2, Determine Complete HIV Kit, 100 Tests",Determine,100,2000,160000,80,0.8,"Alere Medical Co., Ltd.",See ASN-22818 (ID#:39794),See ASN-22818 (ID#:39794),197.92
51452,Botswana,PMO - US,Direct Drop,EXW,Air,25-Aug-10,25-Aug-10,HRDT,HIV test,"Trinity Biotech, Plc",SKU0009,"HIV 1/2, Uni-Gold HIV Kit, 20 Tests",Uni-Gold,20,50,1600,32,1.6,"Trinity Biotech, Plc",26,659.27,3.45
51467,South Africa,PMO - US,Direct Drop,DDP,Truck,29-Aug-14,29-Aug-14,ARV,Adult,S. BUYS WHOLESALER,SKU0014,"Zidovudine 300mg, tablets, 60 Tabs",Generic,60,18,488,27.11,0.45,Mylan (formerly Matrix) Nashik,Weight Captured Separately,Freight Included in Commodity Cost,0.6
51496,Senegal,PMO - US,Direct Drop,EXW,Air,23-Jun-15,23-Jun-15,ARV,Adult,HETERO LABS LIMITED,SKU0166,"Lamivudine 300mg, tablets, 30 Tabs",Generic,30,100,200,2,0.07,Hetero Unit III Hyderabad IN,Weight Captured Separately,Invoiced Separately,0.24
51504,South Sudan,PMO - US,Direct Drop,EXW,Air,18-Apr-12,18-Apr-12,HRDT,HIV test,"Orgenics, Ltd",SKU0002,"HIV 1/2, Determine Complete HIV Kit, 100 Tests",Determine,100,339,30171,89,0.89,"Alere Medical Co., Ltd.",See ASN-14092 (ID#:39053),See ASN-14092 (ID#:39053),42.3
51525,South Africa,PMO - US,Direct Drop,DDP,Truck,28-Dec-09,28-Dec-09,ARV,Pediatric,S. BUYS WHOLESALER,SKU0049,"Efavirenz 50mg, capsule, 30 Caps",Generic,30,230,959.89,4.17,0.14,"Aurobindo Unit III, India",Weight Captured Separately,Freight Included in Commodity Cost,2.07
51531,South Africa,PMO - US,Direct Drop,DDP,Truck,26-Jan-15,26-Jan-15,ARV,Pediatric,PHARMACY DIRECT,SKU0048,"Lamivudine 10mg/ml, oral solution, Bottle, 240 ml",Generic,240,11,56.85,5.17,0.02,"Aurobindo Unit III, India",Weight Captured Separately,Freight Included in Commodity Cost,0.06
51535,Haiti,PMO - US,Direct Drop,EXW,Air,14-Feb-12,14-Feb-12,MRDT,Malaria,"ACCESS BIO, INC.",SKU0172,"Malaria, Antigen P.f., HRP2 CareStart Kit, 60 Tests",CareStart,60,2159,50520.6,23.4,0.39,"Access BIO, L.C.",5,5642.36,70.83
51578,South Africa,PMO - US,Direct Drop,DDP,Truck,27-Aug-14,27-Aug-14,ARV,Adult,S. BUYS WHOLESALER,SKU0069,"Didanosine 250mg, delayed-release capsules, 30 Caps",Generic,30,8,136.19,17.02,0.57,"Aurobindo Unit III, India",Weight Captured Separately,Freight Included in Commodity Cost,0.17
51579,"Congo, DRC",PMO - US,Direct Drop,EXW,Air,4-Nov-14,4-Nov-14,HRDT,HIV test,"Trinity Biotech, Plc",SKU0009,"HIV 1/2, Uni-Gold HIV Kit, 20 Tests",Uni-Gold,20,423,13536,32,1.6,"Trinity Biotech, Plc",See ASN-28279 (ID#:13547),See ASN-28279 (ID#:13547),13.92
51587,South Africa,PMO - US,Direct Drop,DDP,Air,9-Jun-10,9-Jun-10,ARV,Adult,Aurobindo Pharma Limited,SKU0007,"Nevirapine 200mg, tablets, 60 Tabs",Generic,60,22372,65326.24,2.92,0.05,"Aurobindo Unit III, India",2655,6369.79,140.84
51608,Cameroon,PMO - US,Direct Drop,EXW,Air,23-Jul-15,23-Jul-15,HRDT,HIV test,Orasure Technologies Inc.,SKU0018,"HIV 1/2, OraQuick Advance HIV Rapid Antibody Kit, 100 Tests",OraQuick,100,25,8750,350,3.5,"Pacific Biotech, Thailand",Weight Captured Separately,Invoiced Separately,10.3
51641,South Africa,PMO - US,Direct Drop,DDP,Truck,6-Feb-14,6-Feb-14,ARV,Pediatric,S. BUYS WHOLESALER,SKU0087,"Abacavir 20mg/ml [Ziagen], oral solution, Bottle, 240 ml",Ziagen,240,6,144.28,24.05,0.1,GSK Mississauga (Canada),Weight Captured Separately,Freight Included in Commodity Cost,0.18
51668,South Sudan,PMO - US,Direct Drop,EXW,Air,3-Jun-15,3-Jun-15,HRDT,HIV test,"Orgenics, Ltd",SKU0002,"HIV 1/2, Determine Complete HIV Kit, 100 Tests",Determine,100,100,8900,89,0.89,"Alere Medical Co., Ltd.",Weight Captured Separately,Invoiced Separately,10.48
51690,Vietnam,PMO - US,Direct Drop,EXW,Air,16-Apr-12,16-Apr-12,ARV,Adult,MYLAN LABORATORIES LTD (FORMERLY MATRIX LABORATORIES),SKU0029,"Tenofovir Disoproxil Fumarate 300mg, tablets, 30 Tabs",Generic,30,7146,39303,5.5,0.18,Mylan (formerly Matrix) Nashik,See ASN-14321 (ID#:18629),See ASN-14321 (ID#:18629),64.85
51717,Ghana,PMO - US,Direct Drop,FCA,Air,12-Nov-14,12-Nov-14,ARV,Pediatric,ABBVIE LOGISTICS (FORMERLY ABBOTT LOGISTICS BV),SKU0045,"Lopinavir/Ritonavir 100/25mg [Aluvia], tablets, 60 Tabs",Generic,60,672,3991.68,5.94,0.1,ABBVIE Ludwigshafen Germany,88,1472.41,4.1
51755,Zambia,PMO - US,Direct Drop,EXW,Air,22-Jul-11,22-Jul-11,HRDT,HIV test,"Orgenics, Ltd",SKU0002,"HIV 1/2, Determine Complete HIV Kit, 100 Tests",Determine,100,1729,138320,80,0.8,Inverness Japan,667,15123.48,228.23
51763,South Africa,South Africa Field Office,Direct Drop,DDP,Truck,16-Apr-13,16-Apr-13,ARV,Adult,S. BUYS WHOLESALER,SKU0026,"Efavirenz 600mg, tablets, 30 Tabs",Generic,30,911,14646.84,16.08,0.54,"Cipla, Goa, India",Weight Captured Separately,Freight Included in Commodity Cost,18.12
51775,Vietnam,PMO - US,Direct Drop,FCA,Air,7-Apr-14,7-Apr-14,ARV,Adult,ABBVIE LOGISTICS (FORMERLY ABBOTT LOGISTICS BV),SKU0008,"Lopinavir/Ritonavir 200/50mg [Aluvia], tablets, 120 Tabs",Aluvia,120,7031,427625.42,60.82,0.51,ABBVIE Ludwigshafen Germany,1720,5324.08,528.97
51803,South Africa,PMO - US,Direct Drop,DDP,Ocean,12-Oct-10,12-Oct-10,ARV,Adult,Aurobindo Pharma Limited,SKU0026,"Efavirenz 600mg, tablets, 30 Tabs",Generic,30,17701,79831.51,4.51,0.15,"Aurobindo Unit III, India",1552,18114.34,172.12
51817,South Africa,PMO - US,Direct Drop,DDP,Ocean,5-Oct-11,24-Nov-11,ARV,Adult,Aurobindo Pharma Limited,SKU0029,"Tenofovir Disoproxil Fumarate 300mg, tablets, 30 Tabs",Generic,30,42131,280171.15,6.65,0.22,"Aurobindo Unit III, India",Weight Captured Separately,Freight Included in Commodity Cost,462.28
51818,Côte d'Ivoire,PMO - US,Direct Drop,EXW,Air,24-Nov-10,24-Nov-10,HRDT,HIV test - Ancillary,"CHEMBIO DIAGNOSTIC SYSTEMS, INC.",SKU0167,"HIV 1/2, Stat-Pak Buffer Only, 20 Tests",Stat-Pak,1,660,1650,2.5,2.5,Chembio Diagnostics Sys. Inc.,Weight Captured Separately,Invoiced Separately,3.56
51820,Swaziland,PMO - US,Direct Drop,EXW,Air,17-May-13,17-May-13,HRDT,HIV test,"Orgenics, Ltd",SKU0002,"HIV 1/2, Determine Complete HIV Kit, 100 Tests",Determine,100,240,19200,80,0.8,"Alere Medical Co., Ltd.",100,2274.64,26.92
51821,South Africa,PMO - US,Direct Drop,DDP,Truck,12-May-10,12-May-10,ARV,Pediatric,S. BUYS WHOLESALER,SKU0066,"Efavirenz 200mg, capsule, 90 Caps",Generic,90,50,1636.37,32.73,0.36,"Aurobindo Unit III, India",Weight Captured Separately,Freight Included in Commodity Cost,3.53
51833,South Africa,PMO - US,Direct Drop,DDP,Truck,24-Aug-15,24-Aug-15,ARV,Pediatric,PHARMACY DIRECT,SKU0071,"Abacavir 20mg/ml, oral solution, Bottle, 240 ml",Generic,240,26,493.97,19,0.08,"Aurobindo Unit III, India",Weight Captured Separately,Freight Included in Commodity Cost,0.51
51871,South Africa,PMO - US,Direct Drop,DDP,Ocean,5-Apr-11,8-Apr-11,ARV,Adult,CIPLA LIMITED,SKU0029,"Tenofovir Disoproxil Fumarate 300mg, tablets, 30 Tabs",Generic,30,44293,303849.98,6.86,0.23,"Cipla, Goa, India",2951,5567.75,501.35
51883,Nigeria,PMO - US,Direct Drop,EXW,Air,9-Jan-13,17-Jan-13,HRDT,HIV test,"Orgenics, Ltd",SKU0002,"HIV 1/2, Determine Complete HIV Kit, 100 Tests",Determine,100,2744,244216,89,0.89,"Alere Medical Co., Ltd.",1235,25577.2,342.39
51888,South Africa,PMO - US,Direct Drop,DDP,Truck,5-Nov-14,5-Nov-14,ARV,Adult,PHARMACY DIRECT,SKU0014,"Zidovudine 300mg, tablets, 60 Tabs",Generic,60,10,249.54,24.95,0.42,"Aurobindo Unit III, India",Weight Captured Separately,Freight Included in Commodity Cost,0.26
51895,Tanzania,PMO - US,Direct Drop,EXW,Air,29-Aug-14,29-Aug-14,HRDT,HIV test,"Orgenics, Ltd",SKU0002,"HIV 1/2, Determine Complete HIV Kit, 100 Tests",Determine,100,672,53760,80,0.8,"Alere Medical Co., Ltd.",277,4379.48,55.27
51911,Cameroon,PMO - US,Direct Drop,EXW,Air,7-Nov-13,30-Oct-13,ARV,Adult,Aurobindo Pharma Limited,SKU0107,"Lamivudine/Tenofovir Disoproxil Fumarate 300/300mg, tablets, 30 Tabs",Generic,30,32400,150660,4.65,0.16,"Aurobindo Unit VII, IN",3227,26930.79,186.37
51928,Ethiopia,PMO - US,Direct Drop,EXW,Air,30-Dec-09,30-Dec-09,ARV,Adult,MYLAN LABORATORIES LTD (FORMERLY MATRIX LABORATORIES),SKU0003,"Lamivudine 150mg, tablets, 60 Tabs",Generic,60,50000,130000,2.6,0.04,Mylan (formerly Matrix) Nashik,2504,7354.24,280.28
51969,South Africa,PMO - US,Direct Drop,DDP,Truck,27-Aug-14,27-Aug-14,ARV,Adult,S. BUYS WHOLESALER,SKU0007,"Nevirapine 200mg, tablets, 60 Tabs",Generic,60,67,1321.12,19.72,0.33,"Aurobindo Unit III, India",Weight Captured Separately,Freight Included in Commodity Cost,1.63
51990,Rwanda,PMO - US,Direct Drop,EXW,Ocean,31-May-11,31-May-11,ARV,Adult,HETERO LABS LIMITED,SKU0107,"Lamivudine/Tenofovir Disoproxil Fumarate 300/300mg, tablets, 30 Tabs",Generic,30,82981,776702.16,9.36,0.31,Hetero Unit III Hyderabad IN,6683,14760.6,1674.57
51999,Guyana,PMO - US,Direct Drop,EXW,Air,6-Sep-11,6-Sep-11,HRDT,HIV test,"Orgenics, Ltd",SKU0002,"HIV 1/2, Determine Complete HIV Kit, 100 Tests",Determine,100,915,91500,100,1,Inverness Japan,439,11941.94,150.98
52034,Haiti,PMO - US,Direct Drop,EXW,Air,12-Dec-13,12-Dec-13,HRDT,HIV test,"SHANGHAI KEHUA BIOENGINEERING CO.,LTD.  (KHB)",SKU0063,"HIV 1/2, SKB Colloidal Gold, Diagnostic Kit, Antibody, 50 Tests",Colloidal Gold,1,350,8575,24.5,24.5,"KHB Test Kit Facility, Shanghai China",240,2933.25,10.61
52049,Kenya,PMO - US,Direct Drop,EXW,Air,8-Jul-11,8-Jul-11,HRDT,HIV test,"Orgenics, Ltd",SKU0002,"HIV 1/2, Determine Complete HIV Kit, 100 Tests",Determine,100,10000,890000,89,0.89,Inverness Japan,2951,31923.61,1468.5
52068,South Africa,PMO - US,Direct Drop,DDP,Truck,10-Dec-14,10-Dec-14,ARV,Adult,S. BUYS WHOLESALER,SKU0061,"Lamivudine 150mg [Epivir], tablets, 60 Tabs",Epivir,60,983,10106.64,10.28,0.17,GSK Cape Town Factory (South Africa),Weight Captured Separately,Freight Included in Commodity Cost,11.9
52081,South Africa,PMO - US,Direct Drop,DDP,Ocean,3-May-11,3-May-11,ARV,Adult,Aurobindo Pharma Limited,SKU0011,"Lamivudine/Zidovudine 150/300mg, tablets, 60 Tabs",Generic,60,25000,209000,8.36,0.14,"Aurobindo Unit III, India",2275,3073.74,450.6
52093,Rwanda,PMO - US,Direct Drop,CIP,Air,10-Oct-10,10-Oct-10,ARV,Adult,MYLAN LABORATORIES LTD (FORMERLY MATRIX LABORATORIES),SKU0011,"Lamivudine/Zidovudine 150/300mg, tablets, 60 Tabs",Generic,60,21080,189720,9,0.15,Mylan (formerly Matrix) Nashik,1716,17074.8,371.85
52131,South Africa,South Africa Field Office,Direct Drop,DDP,Truck,16-Apr-13,16-Apr-13,ARV,Adult,S. BUYS WHOLESALER,SKU0069,"Didanosine 250mg, delayed-release capsules, 30 Caps",Generic,30,64,987.12,15.42,0.51,"Aurobindo Unit III, India",Weight Captured Separately,Freight Included in Commodity Cost,1.22
52144,Nigeria,PMO - US,Direct Drop,EXW,Air,9-Jan-13,20-Mar-13,HRDT,HIV test,"Orgenics, Ltd",SKU0002,"HIV 1/2, Determine Complete HIV Kit, 100 Tests",Determine,100,2880,256320,89,0.89,"Alere Medical Co., Ltd.",1249,26380.35,359.36
52175,South Africa,PMO - US,Direct Drop,DDP,Truck,8-Oct-09,14-Oct-09,ARV,Pediatric,S. BUYS WHOLESALER,SKU0076,"Stavudine 1mg/ml, powder for oral solution, 200 ml",Generic,200,1700,4270.78,2.51,0.01,"Aurobindo Unit III, India",Weight Captured Separately,Freight Included in Commodity Cost,8.37
52206,Haiti,PMO - US,Direct Drop,FCA,Air,18-Jun-10,18-Jun-10,ARV,Pediatric,ABBVIE LOGISTICS (FORMERLY ABBOTT LOGISTICS BV),SKU0045,"Lopinavir/Ritonavir 100/25mg [Aluvia], tablets, 60 Tabs",Generic,60,300,2712,9.04,0.15,ABBVIE Ludwigshafen Germany,44,1075.54,5.85
52228,Rwanda,PMO - US,Direct Drop,CIP,Air,19-Oct-13,19-Oct-13,ARV,Adult,MERCK SHARP & DOHME IDEA GMBH (FORMALLY MERCK SHARP & DOHME B.V.),SKU0094,"Indinavir 400mg [Crixivan], capsules, 180 Caps",Crixivan,180,36,1800,50,0.28,"MSD, Haarlem, NL",Weight Captured Separately,Freight Included in Commodity Cost,2.23
52241,Vietnam,PMO - US,Direct Drop,EXW,Air,19-Oct-11,19-Oct-11,ARV,Adult,HETERO LABS LIMITED,SKU0029,"Tenofovir Disoproxil Fumarate 300mg, tablets, 30 Tabs",Generic,30,10000,60000,6,0.2,Hetero Unit III Hyderabad IN,865,7878.43,99
52244,Rwanda,PMO - US,Direct Drop,CIP,Air,23-May-12,23-May-12,ARV,Adult,CIPLA LIMITED,SKU0029,"Tenofovir Disoproxil Fumarate 300mg, tablets, 30 Tabs",Generic,30,768,4369.92,5.69,0.19,"Cipla, Goa, India",55,393.29,6.13
52258,Côte d'Ivoire,PMO - US,Direct Drop,EXW,Air,4-Dec-14,4-Dec-14,ARV,Adult,MYLAN LABORATORIES LTD (FORMERLY MATRIX LABORATORIES),SKU0119,"Atazanavir/Ritonavir 300/100mg, tablets, 30 Tabs",Generic,30,2500,50000,20,0.67,Mylan (formerly Matrix) Nashik,343,3978.49,51.4
52280,Kenya,PMO - US,Direct Drop,EXW,Air,11-Jan-10,11-Jan-10,HRDT,HIV test,"Trinity Biotech, Plc",SKU0009,"HIV 1/2, Uni-Gold HIV Kit, 20 Tests",Uni-Gold,20,1000,32000,32,1.6,"Trinity Biotech, Plc",347,4259.57,62.72
52286,Vietnam,PMO - US,Direct Drop,EXW,Air,26-Jul-11,26-Jul-11,ARV,Adult,STRIDES ARCOLAB LIMITED,SKU0026,"Efavirenz 600mg, tablets, 30 Tabs",Generic,30,33000,135300,4.1,0.14,"Strides, Bangalore, India.",See ASN-11362 (ID#:47253),See ASN-11362 (ID#:47253),223.24
52341,Dominican Republic,PMO - US,Direct Drop,EXW,Air,10-Aug-13,10-Aug-13,HRDT,HIV test,"Trinity Biotech, Plc",SKU0009,"HIV 1/2, Uni-Gold HIV Kit, 20 Tests",Uni-Gold,20,412,13184,32,1.6,"Trinity Biotech, Plc",123,1375.8,16.31
52353,Vietnam,PMO - US,Direct Drop,EXW,Air,1-Jul-13,1-Jul-13,ARV,Adult,HETERO LABS LIMITED,SKU0054,"Lamivudine/Nevirapine/Zidovudine 150/200/300mg, tablets, 60 Tabs",Generic,60,6900,56649,8.21,0.14,Hetero Unit III Hyderabad IN,See ASN-19787 (ID#:13978),See ASN-19787 (ID#:13978),70.07
52354,Zambia,PMO - US,Direct Drop,EXW,Air,11-Mar-15,11-Mar-15,HRDT,HIV test,"Orgenics, Ltd",SKU0002,"HIV 1/2, Determine Complete HIV Kit, 100 Tests",Determine,100,1364,109120,80,0.8,"Alere Medical Co., Ltd.",553,7845.09,112.18
52364,Uganda,PMO - US,Direct Drop,FCA,Air,6-Nov-14,6-Nov-14,ARV,Pediatric,ABBVIE LOGISTICS (FORMERLY ABBOTT LOGISTICS BV),SKU0045,"Lopinavir/Ritonavir 100/25mg [Aluvia], tablets, 60 Tabs",Generic,60,724,4300.56,5.94,0.1,ABBVIE Ludwigshafen Germany,82,1042.36,4.42
52367,Ghana,PMO - US,Direct Drop,EXW,Ocean,10-Nov-14,10-Nov-14,ARV,Adult,STRIDES ARCOLAB LIMITED,SKU0026,"Efavirenz 600mg, tablets, 30 Tabs",Generic,30,167716,535014.04,3.19,0.11,"Strides, Bangalore, India.",10803,24636.23,549.99
52380,South Africa,PMO - US,Direct Drop,DDP,Ocean,9-Jan-12,9-Jan-12,ARV,Pediatric,GLAXOSMITHKLINE EXPORT LIMITED,SKU0087,"Abacavir 20mg/ml [Ziagen], oral solution, Bottle, 240 ml",Ziagen,240,17337,160887.36,9.28,0.04,GSK Mississauga (Canada),6680,3755.91,265.46
52383,Côte d'Ivoire,PMO - US,Direct Drop,EXW,Air,31-Jan-14,31-Jan-14,HRDT,HIV test,"CHEMBIO DIAGNOSTIC SYSTEMS, INC.",SKU0016,"HIV 1/2, Stat-Pak HIV, Kit, 20 Tests",Stat-Pak,20,1900,55100,29,1.45,Chembio Diagnostics Sys. Inc.,763,7153.63,68.16
52388,South Africa,PMO - US,Direct Drop,DDP,Truck,24-Aug-15,24-Aug-15,ARV,Adult,PHARMACY DIRECT,SKU0029,"Tenofovir Disoproxil Fumarate 300mg, tablets, 30 Tabs",Generic,30,36,534.69,14.85,0.5,Mylan (formerly Matrix) Nashik,Weight Captured Separately,Freight Included in Commodity Cost,0.55
52398,Uganda,PMO - US,Direct Drop,EXW,Ocean,8-Nov-13,8-Nov-13,ARV,Adult,STRIDES ARCOLAB LIMITED,SKU0026,"Efavirenz 600mg, tablets, 30 Tabs",Generic,30,71348,227600.12,3.19,0.11,"Strides, Bangalore, India.",4334,8144.11,281.54
52436,"Congo, DRC",PMO - US,Direct Drop,EXW,Air,5-Sep-14,5-Sep-14,HRDT,HIV test,"Trinity Biotech, Plc",SKU0009,"HIV 1/2, Uni-Gold HIV Kit, 20 Tests",Uni-Gold,20,2,64,32,1.6,"Trinity Biotech, Plc",See ASN-26738 (ID#:15115),See ASN-26738 (ID#:15115),0.07
52460,Rwanda,PMO - US,Direct Drop,FCA,Air,27-Jan-12,27-Jan-12,ARV,Pediatric,ABBVIE LOGISTICS (FORMERLY ABBOTT LOGISTICS BV),SKU0045,"Lopinavir/Ritonavir 100/25mg [Aluvia], tablets, 60 Tabs",Generic,60,1395,10755.45,7.71,0.13,ABBVIE Ludwigshafen Germany,188,3035.87,17.75
52465,Uganda,PMO - US,Direct Drop,EXW,Air,16-Aug-13,16-Aug-13,ARV,Adult,MYLAN LABORATORIES LTD (FORMERLY MATRIX LABORATORIES),SKU0054,"Lamivudine/Nevirapine/Zidovudine 150/200/300mg, tablets, 60 Tabs",Generic,60,60678,491491.8,8.1,0.13,Mylan (formerly Matrix) Nashik,8402,28304.85,607.98
52488,Nigeria,PMO - US,Direct Drop,EXW,Air,19-Aug-14,9-Sep-14,HRDT,HIV test,"Orgenics, Ltd",SKU0002,"HIV 1/2, Determine Complete HIV Kit, 100 Tests",Determine,100,3154,280706,89,0.89,"Alere Medical Co., Ltd.",1279,19112.91,288.57
52725,Sudan,PMO - US,Direct Drop,EXW,Air,23-Apr-11,23-Apr-11,HRDT,HIV test,"Trinity Biotech, Plc",SKU0009,"HIV 1/2, Uni-Gold HIV Kit, 20 Tests",Uni-Gold,20,132,4224,32,1.6,"Trinity Biotech, Plc",50,1595.38,6.97
52520,South Africa,PMO - US,Direct Drop,DDP,Truck,12-May-10,12-May-10,ARV,Adult,S. BUYS WHOLESALER,SKU0053,"Emtricitabine/Tenofovir Disoproxil Fumarate 200/300mg [Truvada], tablets, 30 Tabs",Truvada,30,200,9382.78,46.91,1.56,"Aspen-OSD, Port Elizabeth, SA",Weight Captured Separately,Freight Included in Commodity Cost,20.23
52524,South Africa,PMO - US,Direct Drop,DDP,Truck,27-Aug-14,27-Aug-14,ARV,Adult,S. BUYS WHOLESALER,SKU0134,"Didanosine 400mg, delayed-release capsules, 30 Caps",Generic,30,23,502.94,21.87,0.73,"Aurobindo Unit III, India",Weight Captured Separately,Freight Included in Commodity Cost,0.62
52540,Ethiopia,PMO - US,Direct Drop,EXW,Air,4-May-11,4-May-11,ARV,Adult,Aurobindo Pharma Limited,SKU0069,"Didanosine 250mg, delayed-release capsules, 30 Caps",Generic,30,1625,21125,13,0.43,"Aurobindo Unit III, India",111,1206.62,34.86
52541,Vietnam,PMO - US,Direct Drop,EXW,Air,30-Oct-14,30-Oct-14,ARV,Adult,MYLAN LABORATORIES LTD (FORMERLY MATRIX LABORATORIES),SKU0054,"Lamivudine/Nevirapine/Zidovudine 150/200/300mg, tablets, 60 Tabs",Generic,60,10000,81000,8.1,0.13,Mylan (formerly Matrix) Nashik,See ASN-27943 (ID#:13904),See ASN-27943 (ID#:13904),83.27
52617,Rwanda,PMO - US,Direct Drop,EXW,Air,24-Jan-12,24-Jan-12,ARV,Adult,Aurobindo Pharma Limited,SKU0107,"Lamivudine/Tenofovir Disoproxil Fumarate 300/300mg, tablets, 30 Tabs",Generic,30,2800,14980,5.35,0.18,"Aurobindo Unit VII, IN",273,2964.49,21
52629,Côte d'Ivoire,PMO - US,Direct Drop,EXW,Air,22-Nov-10,22-Nov-10,HRDT,HIV test,"Orgenics, Ltd",SKU0017,"HIV 1/2, Determine HIV Kit, without Lancets, 100 Tests",Determine,100,275,21367.5,77.7,0.78,Inverness Japan,64,2319.8,46.07
52631,Liberia,PMO - US,Direct Drop,EXW,Air,20-Oct-11,20-Oct-11,HRDT,HIV test,"Standard Diagnostics, Inc.",SKU0019,"HIV 1/2, Bioline 3.0 Kit, Lancets, Capillary pipets, Alcohol swabs included, 25 Tests",Bioline,25,70,1400,20,0.8,"Standard Diagnostics, Korea",25,648.95,2.31
52636,Haiti,PMO - US,Direct Drop,EXW,Ocean,9-May-14,9-May-14,ARV,Pediatric,Aurobindo Pharma Limited,SKU0126,"Nevirapine 10mg/ml, oral suspension w/syringe, Bottle, 240 ml",Generic,240,2040,3080.4,1.51,0.01,"Aurobindo Unit III, India",820,2214.69,3.81
52646,Guyana,PMO - US,Direct Drop,FCA,Air,30-Nov-11,30-Nov-11,ARV,Pediatric,ABBVIE LOGISTICS (FORMERLY ABBOTT LOGISTICS BV),SKU0042,"Lopinavir/Ritonavir 80/20mg/ml [Kaletra], oral solution, cool, Bottle 5 x 60 ml",Kaletra,300,51,4192.2,82.2,0.27,ABBVIE (Abbott) Logis. UK,99,1454.81,6.92
52670,South Africa,PMO - US,Direct Drop,DDP,Truck,27-Aug-14,27-Aug-14,ARV,Pediatric,S. BUYS WHOLESALER,SKU0145,"Abacavir 20mg/ml, oral solution w/syringe, Bottle, 240 ml",Generic,240,34,932.3,27.42,0.11,"Aurobindo Unit III, India",Weight Captured Separately,Freight Included in Commodity Cost,1.15
52677,Uganda,PMO - US,Direct Drop,EXW,Air,4-Mar-14,4-Mar-14,ARV,Pediatric,ABBVIE LOGISTICS (FORMERLY ABBOTT LOGISTICS BV),SKU0042,"Lopinavir/Ritonavir 80/20mg/ml [Kaletra], oral solution, cool, Bottle 5 x 60 ml",Kaletra,300,188,5794.16,30.82,0.1,ABBVIE (Abbott) Logis. UK,221,2553.06,5.96
52687,Nigeria,PMO - US,Direct Drop,EXW,Air,19-Aug-14,27-Aug-14,HRDT,HIV test,"Orgenics, Ltd",SKU0002,"HIV 1/2, Determine Complete HIV Kit, 100 Tests",Determine,100,6340,564260,89,0.89,"Alere Medical Co., Ltd.",2571,37297.95,580.06
52704,Uganda,PMO - US,Direct Drop,EXW,Air,9-Mar-10,9-Mar-10,ARV,Pediatric,EMCURE PHARMACEUTICALS LTD,SKU0143,"Atazanavir 150mg, capsules, 60 Caps",Generic,60,384,10018.56,26.09,0.43,"Emcure Plot No.P-2, I.T-B.T. Park, Phase II, MIDC, Hinjwadi, Pune, India",40,990.07,19.64
52706,Vietnam,PMO - US,Direct Drop,EXW,Air,16-May-12,16-May-12,ARV,Adult,MYLAN LABORATORIES LTD (FORMERLY MATRIX LABORATORIES),SKU0113,"Efavirenz/Lamivudine/Tenofovir Disoproxil Fumarate 600/300/300mg, tablets, 30 Tabs",Generic,30,42392,597727.2,14.1,0.47,Mylan (formerly Matrix) Nashik,See ASN-14517 (ID#:44737),See ASN-14517 (ID#:44737),838.01
52710,South Africa,PMO - US,Direct Drop,DDP,Truck,25-Jun-14,25-Jun-14,ARV,Pediatric,PHARMACY DIRECT,SKU0042,"Lopinavir/Ritonavir 80/20mg/ml [Kaletra], oral solution, cool, Bottle 5 x 60 ml",Kaletra,300,2,44.13,22.06,0.07,ABBVIE (Abbott) Logis. UK,Weight Captured Separately,Freight Included in Commodity Cost,0.05
52736,Ghana,PMO - US,Direct Drop,EXW,Air,17-Jul-14,17-Jul-14,ARV,Adult,STRIDES ARCOLAB LIMITED,SKU0026,"Efavirenz 600mg, tablets, 30 Tabs",Generic,30,47716,152214.04,3.19,0.11,"Strides, Bangalore, India.",3077,22734.92,156.48
52756,Burundi,PMO - US,Direct Drop,EXW,Air,5-Jun-12,5-Jun-12,HRDT,HIV test,"SHANGHAI KEHUA BIOENGINEERING CO.,LTD.  (KHB)",SKU0063,"HIV 1/2, SKB Colloidal Gold, Diagnostic Kit, Antibody, 50 Tests",Colloidal Gold,1,23,563.5,24.5,24.5,"KHB Test Kit Facility, Shanghai China",21,1327.6,0.79
52793,Ghana,PMO - US,Direct Drop,EXW,Air,10-Apr-15,10-Apr-15,ARV,Pediatric,MYLAN LABORATORIES LTD (FORMERLY MATRIX LABORATORIES),SKU0124,"Lamivudine/Zidovudine 30/60mg, dispersible tablets, 60 Tabs",Generic,60,11022,21933.78,1.99,0.03,"Mylan,  H-12 & H-13, India",1976,12580,22.55
52795,Zambia,PMO - US,Direct Drop,EXW,Air,5-Mar-12,5-Mar-12,ARV,Adult,Aurobindo Pharma Limited,SKU0105,"Emtricitabine/Tenofovir Disoproxil Fumarate 200/300mg, tablets, 30 Tabs",Generic,30,100000,735000,7.35,0.24,"Aurobindo Unit III, India",9389,51294.87,1030.47
52799,Dominican Republic,PMO - US,Direct Drop,EXW,Air,7-Oct-11,7-Oct-11,HRDT,HIV test,"Orgenics, Ltd",SKU0002,"HIV 1/2, Determine Complete HIV Kit, 100 Tests",Determine,100,1000,92000,92,0.92,Inverness Japan,399,8776.57,151.8
52803,South Africa,PMO - US,Direct Drop,DDP,Truck,9-Mar-15,9-Mar-15,ARV,Pediatric,PHARMACY DIRECT,SKU0048,"Lamivudine 10mg/ml, oral solution, Bottle, 240 ml",Generic,240,4,20.67,5.17,0.02,"Aurobindo Unit III, India",Weight Captured Separately,Freight Included in Commodity Cost,0.02
52837,Nigeria,PMO - US,Direct Drop,EXW,Air,30-Jun-15,26-Jun-15,HRDT,HIV test,"Orgenics, Ltd",SKU0002,"HIV 1/2, Determine Complete HIV Kit, 100 Tests",Determine,100,4657,414473,89,0.89,"Alere Medical Co., Ltd.",2307,21672.24,487.83
52853,South Africa,PMO - US,Direct Drop,DDP,Truck,12-May-15,12-May-15,ARV,Pediatric,PHARMACY DIRECT,SKU0144,"Atazanavir 150mg [Reyataz], capsules, 60 Caps",Reyataz,60,9,143.1,15.9,0.26,"BMS Evansville, US",Weight Captured Separately,Freight Included in Commodity Cost,0.15
52854,South Africa,South Africa Field Office,Direct Drop,DDP,Truck,16-Apr-13,16-Apr-13,ARV,Pediatric,S. BUYS WHOLESALER,SKU0087,"Abacavir 20mg/ml [Ziagen], oral solution, Bottle, 240 ml",Ziagen,240,91,2074.51,22.8,0.1,GSK Mississauga (Canada),Weight Captured Separately,Freight Included in Commodity Cost,2.57
52856,Vietnam,PMO - US,Direct Drop,EXW,Air,17-Mar-10,17-Mar-10,ARV,Adult,Aurobindo Pharma Limited,SKU0004,"Stavudine 30mg, capsules, 60 Caps",Generic,60,24612,35687.4,1.45,0.02,"Aurobindo Unit III, India",4762,17541.06,69.95
52871,South Africa,PMO - US,Direct Drop,DDP,Air,24-Aug-10,20-Sep-10,ARV,Adult,Aurobindo Pharma Limited,SKU0003,"Lamivudine 150mg, tablets, 60 Tabs",Generic,60,33711,85288.83,2.53,0.04,"Aurobindo Unit III, India",1810,2016.42,183.88
52945,Haiti,PMO - US,Direct Drop,EXW,Ocean,25-Jul-13,25-Jul-13,ARV,Adult,HETERO LABS LIMITED,SKU0054,"Lamivudine/Nevirapine/Zidovudine 150/200/300mg, tablets, 60 Tabs",Generic,60,30096,247088.16,8.21,0.14,Hetero Unit III Hyderabad IN,4278,7567.99,305.65
52963,Cameroon,PMO - US,Direct Drop,EXW,Air,7-Nov-13,7-Nov-13,ARV,Adult,Aurobindo Pharma Limited,SKU0107,"Lamivudine/Tenofovir Disoproxil Fumarate 300/300mg, tablets, 30 Tabs",Generic,30,32426,150780.9,4.65,0.16,"Aurobindo Unit VII, IN",3234,26980.59,186.52
52973,South Africa,PMO - US,Direct Drop,DDP,Truck,24-Jul-15,24-Jul-15,ARV,Adult,PHARMACY DIRECT,SKU0014,"Zidovudine 300mg, tablets, 60 Tabs",Generic,60,7,126.22,18.03,0.3,"Aurobindo Unit III, India",Weight Captured Separately,Freight Included in Commodity Cost,0.13
52999,Côte d'Ivoire,PMO - US,Direct Drop,EXW,Air,5-Mar-10,5-Mar-10,ARV,Adult,Aurobindo Pharma Limited,SKU0162,"Abacavir/Lamivudine 600/300mg, scored tablets, 30 Tabs",Generic,30,1461,29950.5,20.5,0.68,"Aurobindo Unit III, India",154780,1664.12,64.57
53002,Rwanda,PMO - US,Direct Drop,EXW,Air,29-Jun-12,29-Jun-12,ARV,Adult,Aurobindo Pharma Limited,SKU0134,"Didanosine 400mg, delayed-release capsules, 30 Caps",Generic,30,1467,29340,20,0.67,"Aurobindo Unit III, India",114,4822.01,41.13
53064,Kenya,PMO - US,Direct Drop,EXW,Air,10-Feb-11,10-Feb-11,HRDT,HIV test,"Orgenics, Ltd",SKU0002,"HIV 1/2, Determine Complete HIV Kit, 100 Tests",Determine,100,1,89,89,0.89,Inverness Japan,1370,14515.01,0.19
53106,Haiti,PMO - US,Direct Drop,EXW,Ocean,2-Sep-13,2-Sep-13,ARV,Pediatric,Aurobindo Pharma Limited,SKU0138,"Abacavir/Lamivudine 60/30mg, tablets, 60 Tabs",Generic,60,1393,6407.8,4.6,0.08,"Aurobindo Unit III, India",See ASN-19819 (ID#:13739),See ASN-19819 (ID#:13739),7.93
53108,Rwanda,PMO - US,Direct Drop,EXW,Air,4-Apr-14,4-Apr-14,ARV,Pediatric,MICRO LABS LIMITED,SKU0049,"Efavirenz 50mg, capsule, 30 Caps",Generic,30,924,1755.6,1.9,0.06,"Micro labs, Verna, Goa, India",45,1411.52,1.8
53226,Tanzania,PMO - US,Direct Drop,EXW,Air,27-Jun-11,27-Jun-11,HRDT,HIV test,"Standard Diagnostics, Inc.",SKU0019,"HIV 1/2, Bioline 3.0 Kit, Lancets, Capillary pipets, Alcohol swabs included, 25 Tests",Bioline,25,10000,200000,20,0.8,"Standard Diagnostics, Korea",3334,23489.63,330
53659,Zambia,PMO - US,Direct Drop,EXW,Air,5-Jun-13,6-Jun-13,HRDT,HIV test,"Orgenics, Ltd",SKU0002,"HIV 1/2, Determine Complete HIV Kit, 100 Tests",Determine,100,2910,232800,80,0.8,"Alere Medical Co., Ltd.",2910,21684.99,287.97
53233,South Africa,PMO - US,Direct Drop,DDP,Truck,31-May-10,31-May-10,ARV,Pediatric,S. BUYS WHOLESALER,SKU0040,"Didanosine 100mg [Videx],chewable tablets, 60 Tabs",Videx,60,10,164.62,16.46,0.27,"BMS Meymac, France",Weight Captured Separately,Freight Included in Commodity Cost,0.35
53234,Côte d'Ivoire,PMO - US,Direct Drop,EXW,Air,4-Jun-13,4-Jun-13,HRDT,HIV test,"Orgenics, Ltd",SKU0002,"HIV 1/2, Determine Complete HIV Kit, 100 Tests",Determine,100,2945,235600,80,0.8,"Alere Medical Co., Ltd.",1280,125.42,291.44
53254,South Africa,PMO - US,Direct Drop,DDP,Truck,29-Aug-14,29-Aug-14,ARV,Pediatric,S. BUYS WHOLESALER,SKU0145,"Abacavir 20mg/ml, oral solution w/syringe, Bottle, 240 ml",Generic,240,135,3650.16,27.04,0.11,"Aurobindo Unit III, India",Weight Captured Separately,Freight Included in Commodity Cost,4.52
53272,Nigeria,PMO - US,Direct Drop,EXW,Air,24-Jan-14,24-Jan-14,HRDT,HIV test,"Trinity Biotech, Plc",SKU0009,"HIV 1/2, Uni-Gold HIV Kit, 20 Tests",Uni-Gold,20,31842,1018944,32,1.6,"Trinity Biotech, Plc",9312,77833.24,1260.43
53281,Tanzania,PMO - US,Direct Drop,EXW,Air,5-Oct-11,5-Oct-11,HRDT,HIV test,"Trinity Biotech, Plc",SKU0009,"HIV 1/2, Uni-Gold HIV Kit, 20 Tests",Uni-Gold,20,450,14400,32,1.6,"Trinity Biotech, Plc",149,2242.31,23.76
53292,Kenya,PMO - US,Direct Drop,EXW,Air,10-Feb-11,10-Feb-11,HRDT,HIV test,"Orgenics, Ltd",SKU0002,"HIV 1/2, Determine Complete HIV Kit, 100 Tests",Determine,100,2849,253561,89,0.89,Inverness Japan,783,9162.21,546.68
53327,Mali,PMO - US,Direct Drop,EXW,Air,19-Mar-14,19-Mar-14,HRDT,HIV test,"Orgenics, Ltd",SKU0002,"HIV 1/2, Determine Complete HIV Kit, 100 Tests",Determine,100,431,34480,80,0.8,"Alere Medical Co., Ltd.",186,5346.38,35.45
53338,South Africa,PMO - US,Direct Drop,DDP,Ocean,8-Dec-10,8-Dec-10,ARV,Adult,Aurobindo Pharma Limited,SKU0014,"Zidovudine 300mg, tablets, 60 Tabs",Generic,60,77143,565458.19,7.33,0.12,"Aurobindo Unit III, India",3894,3161.68,1219.13
53349,Guyana,PMO - US,Direct Drop,EXW,Air,18-Jun-12,18-Jun-12,HRDT,HIV test,"Orgenics, Ltd",SKU0002,"HIV 1/2, Determine Complete HIV Kit, 100 Tests",Determine,100,300,30000,100,1,"Alere Medical Co., Ltd.",137,3825.21,42.06
53371,Zambia,PMO - US,Direct Drop,EXW,Air,16-Aug-12,16-Aug-12,HRDT,HIV test,"Trinity Biotech, Plc",SKU0009,"HIV 1/2, Uni-Gold HIV Kit, 20 Tests",Uni-Gold,20,7280,232960,32,1.6,"Trinity Biotech, Plc",2391,25818.23,384.38
53421,South Africa,PMO - US,Direct Drop,DDP,Truck,4-Jun-10,4-Jun-10,ARV,Adult,S. BUYS WHOLESALER,SKU0030,"Stavudine 20mg [Zerit], capsules, 60 Caps",Zerit,60,200,1213.75,6.07,0.1,"BMS Meymac, France",Weight Captured Separately,Freight Included in Commodity Cost,2.62
53532,Tanzania,PMO - US,Direct Drop,EXW,Air,7-Dec-12,7-Dec-12,HRDT,HIV test,"Orgenics, Ltd",SKU0002,"HIV 1/2, Determine Complete HIV Kit, 100 Tests",Determine,100,2744,219520,80,0.8,"Alere Medical Co., Ltd.",1303,22223.95,307.77
53556,Tanzania,PMO - US,Direct Drop,EXW,Air,21-Nov-13,21-Nov-13,ARV,Adult,Aurobindo Pharma Limited,SKU0058,"Abacavir 300mg, tablets, 60 Tabs",Generic,60,19000,216600,11.4,0.19,"Aurobindo Unit III, India",1909,9612.49,267.93
53560,Nigeria,PMO - US,Direct Drop,EXW,Air,7-Nov-13,8-Nov-13,HRDT,HIV test,"Orgenics, Ltd",SKU0002,"HIV 1/2, Determine Complete HIV Kit, 100 Tests",Determine,100,3038,270382,89,0.89,"Alere Medical Co., Ltd.",1234,21084.84,334.46
53591,Ethiopia,PMO - US,Direct Drop,EXW,Air,25-Apr-12,25-Apr-12,HRDT,HIV test,"Trinity Biotech, Plc",SKU0009,"HIV 1/2, Uni-Gold HIV Kit, 20 Tests",Uni-Gold,20,165,5280,32,1.6,"Trinity Biotech, Plc",138,794.72,7.4
53616,Haiti,PMO - US,Direct Drop,EXW,Ocean,2-Sep-13,2-Sep-13,ARV,Pediatric,Aurobindo Pharma Limited,SKU0130,"Lamivudine 10mg/ml, oral solution w/syringe, Bottle, 240 ml",Generic,240,1932,2762.76,1.43,0.01,"Aurobindo Unit III, India",See ASN-19819 (ID#:13739),See ASN-19819 (ID#:13739),3.42
53618,South Africa,PMO - US,Direct Drop,DDP,Ocean,4-Jan-12,4-Jan-12,ARV,Adult,Aurobindo Pharma Limited,SKU0058,"Abacavir 300mg, tablets, 60 Tabs",Generic,60,6155,91894.15,14.93,0.25,"Aurobindo Unit III, India",590,146.5,151.63
53625,Uganda,PMO - US,Direct Drop,CIP,Air,14-Feb-12,14-Feb-12,ARV,Adult,MERCK SHARP & DOHME IDEA GMBH (FORMALLY MERCK SHARP & DOHME B.V.),SKU0129,"Raltegravir 400mg [Isentress], tablets, 60 Tabs",Isentress,60,231,21136.5,91.5,1.52,"MSD, Haarlem, NL",23,250,34.88
53650,South Africa,PMO - US,Direct Drop,DDP,Truck,14-May-10,14-May-10,ARV,Pediatric,S. BUYS WHOLESALER,SKU0087,"Abacavir 20mg/ml [Ziagen], oral solution, Bottle, 240 ml",Ziagen,240,40,656.64,16.42,0.07,GSK Mississauga (Canada),Weight Captured Separately,Freight Included in Commodity Cost,1.42
53665,Côte d'Ivoire,PMO - US,Direct Drop,FCA,Air,16-Apr-14,16-Apr-14,ARV,Pediatric,ABBVIE LOGISTICS (FORMERLY ABBOTT LOGISTICS BV),SKU0042,"Lopinavir/Ritonavir 80/20mg/ml [Kaletra], oral solution, cool, Bottle 5 x 60 ml",Kaletra,300,600,18492,30.82,0.1,ABBVIE (Abbott) Logis. UK,554,5848.39,19.01
53675,South Africa,PMO - US,Direct Drop,DDP,Ocean,7-Dec-11,7-Dec-11,ARV,Pediatric,CIPLA LIMITED,SKU0048,"Lamivudine 10mg/ml, oral solution, Bottle, 240 ml",Generic,240,9960,20517.6,2.06,0.01,"Cipla, Goa, India",3670,9021.5,33.85
53683,South Africa,PMO - US,Direct Drop,DDP,Truck,19-Oct-09,19-Oct-09,ARV,Adult,S. BUYS WHOLESALER,SKU0032,"Didanosine EC 400mg [Videx EC], delayed-release capsules, Blister 3 x 10 Caps",Videx EC,30,140,3996.98,28.55,0.95,"BMS Meymac, France",Weight Captured Separately,Freight Included in Commodity Cost,7.83
53691,Côte d'Ivoire,PMO - US,Direct Drop,EXW,Air,7-Oct-14,7-Oct-14,HRDT,HIV test,"Orgenics, Ltd",SKU0002,"HIV 1/2, Determine Complete HIV Kit, 100 Tests",Determine,100,1470,117600,80,0.8,"Alere Medical Co., Ltd.",595,7651.46,120.89
53738,South Africa,PMO - US,Direct Drop,DDP,Truck,29-Dec-09,29-Dec-09,ARV,Pediatric,S. BUYS WHOLESALER,SKU0020,"Zidovudine 10mg/ml [Retrovir], oral solution, Bottle, 200 ml",Retrovir,200,120,866.06,7.22,0.04,GSK Mississauga (Canada),Weight Captured Separately,Freight Included in Commodity Cost,1.87
53759,Vietnam,PMO - US,Direct Drop,EXW,Air,10-Mar-15,10-Mar-15,ARV,Adult,HETERO LABS LIMITED,SKU0003,"Lamivudine 150mg, tablets, 60 Tabs",Generic,60,5600,10080,1.8,0.03,Hetero Unit III Hyderabad IN,606,1328.13,11.86
53775,Zambia,PMO - US,Direct Drop,EXW,Air,20-Dec-11,20-Dec-11,HRDT,HIV test,"Orgenics, Ltd",SKU0002,"HIV 1/2, Determine Complete HIV Kit, 100 Tests",Determine,100,2884,230720,80,0.8,"Alere Medical Co., Ltd.",1374,25052.44,380.69
53822,Guyana,PMO - US,Direct Drop,EXW,Air,6-Oct-10,6-Oct-10,HRDT,HIV test,"Trinity Biotech, Plc",SKU0009,"HIV 1/2, Uni-Gold HIV Kit, 20 Tests",Uni-Gold,20,1686,53952,32,1.6,"Trinity Biotech, Plc",564,5806.53,116.32
53852,South Africa,South Africa Field Office,Direct Drop,DDP,Truck,16-Apr-13,16-Apr-13,ARV,Pediatric,S. BUYS WHOLESALER,SKU0066,"Efavirenz 200mg, capsule, 90 Caps",Generic,90,545,13007.18,23.87,0.27,"Aurobindo Unit III, India",Weight Captured Separately,Freight Included in Commodity Cost,16.09
53877,Ethiopia,PMO - US,Direct Drop,EXW,Ocean,21-Sep-11,21-Sep-11,ARV,Adult,Aurobindo Pharma Limited,SKU0135,"Lopinavir/Ritonavir 200/50mg, tablets, 120 Tabs",Generic,120,13703,460420.8,33.6,0.28,"Aurobindo Unit III, India",3476,11729.82,759.69
53878,"Congo, DRC",PMO - US,Direct Drop,EXW,Air,2-Jul-15,2-Jul-15,HRDT,HIV test,"Trinity Biotech, Plc",SKU0009,"HIV 1/2, Uni-Gold HIV Kit, 20 Tests",Uni-Gold,20,40,1280,32,1.6,"Trinity Biotech, Plc",See ASN-31750 (ID#:19272),See ASN-31750 (ID#:19272),1.51
53922,South Sudan,PMO - US,Direct Drop,EXW,Air,2-Jul-15,7-Jul-15,HRDT,HIV test - Ancillary,"Orgenics, Ltd",SKU0136,"Chase Buffer, Determine, 100 Tests, 2.5ml x 1 Vial",Determine,1,15,75,5,5,"Alere Medical Co., Ltd.",Weight Captured Separately,Invoiced Separately,0.09
53945,South Africa,PMO - US,Direct Drop,DDP,Truck,13-Jan-14,13-Jan-14,ARV,Pediatric,S. BUYS WHOLESALER,SKU0145,"Abacavir 20mg/ml, oral solution w/syringe, Bottle, 240 ml",Generic,240,446,10825.73,24.27,0.1,"Aurobindo Unit III, India",Weight Captured Separately,Freight Included in Commodity Cost,11.13
53958,South Africa,PMO - US,Direct Drop,DDP,Truck,28-Nov-14,28-Nov-14,ARV,Adult,PHARMACY DIRECT,SKU0105,"Emtricitabine/Tenofovir Disoproxil Fumarate 200/300mg, tablets, 30 Tabs",Generic,30,11,240.14,21.83,0.73,"Aurobindo Unit III, India",Weight Captured Separately,Freight Included in Commodity Cost,0.25
53971,Lesotho,PMO - US,Direct Drop,EXW,Air,7-May-14,7-May-14,HRDT,HIV test,"Trinity Biotech, Plc",SKU0009,"HIV 1/2, Uni-Gold HIV Kit, 20 Tests",Uni-Gold,20,2500,80000,32,1.6,"Trinity Biotech, Plc",Weight Captured Separately,Invoiced Separately,82.24
53981,South Africa,South Africa Field Office,Direct Drop,DDP,Truck,16-Apr-13,16-Apr-13,ARV,Pediatric,S. BUYS WHOLESALER,SKU0087,"Abacavir 20mg/ml [Ziagen], oral solution, Bottle, 240 ml",Ziagen,240,220,7811.75,35.51,0.15,GSK Mississauga (Canada),Weight Captured Separately,Freight Included in Commodity Cost,9.66
53989,South Sudan,PMO - US,Direct Drop,EXW,Air,24-Jan-14,24-Jan-14,HRDT,HIV test,"Orgenics, Ltd",SKU0002,"HIV 1/2, Determine Complete HIV Kit, 100 Tests",Determine,100,350,31150,89,0.89,"Alere Medical Co., Ltd.",See ASN-22749 (ID#:45723),See ASN-22749 (ID#:45723),38.53
53997,Nigeria,PMO - US,Direct Drop,EXW,Air,12-Dec-12,12-Dec-12,ARV,Adult,MYLAN LABORATORIES LTD (FORMERLY MATRIX LABORATORIES),SKU0119,"Atazanavir/Ritonavir 300/100mg, tablets, 30 Tabs",Generic,30,37927,853357.5,22.5,0.75,Mylan (formerly Matrix) Nashik,5059,25732.17,1196.41
54019,Zambia,PMO - US,Direct Drop,EXW,Ocean,25-Feb-14,25-Feb-14,ARV,Adult,Aurobindo Pharma Limited,SKU0132,"Efavirenz/Emtricitabine/Tenofovir Disoproxil Fumarate 600/200/300mg, tablets, 30 Tabs",Generic,30,77654,916317.2,11.8,0.39,"Aurobindo Unit VII, IN",8725,54417.75,1133.48
54035,Haiti,PMO - US,Direct Drop,EXW,Air,4-Oct-12,4-Oct-12,ARV,Adult,Aurobindo Pharma Limited,SKU0134,"Didanosine 400mg, delayed-release capsules, 30 Caps",Generic,30,48,960,20,0.67,"Aurobindo Unit III, India",4,970.79,1.35
54045,Vietnam,PMO - US,Direct Drop,FCA,Air,2-Aug-10,2-Aug-10,ARV,Adult,ABBVIE LOGISTICS (FORMERLY ABBOTT LOGISTICS BV),SKU0052,"Ritonavir 100mg [Norvir], capsules, cool, 4 x 84 Caps",Norvir,336,20,6137.6,306.88,0.91,ABBVIE (Abbott) Logis. UK,57,5795.92,13.23
54064,South Africa,PMO - US,Direct Drop,DDP,Truck,6-Feb-14,6-Feb-14,ARV,Adult,S. BUYS WHOLESALER,SKU0058,"Abacavir 300mg, tablets, 60 Tabs",Generic,60,94,6070.54,64.58,1.08,"Aurobindo Unit III, India",Weight Captured Separately,Freight Included in Commodity Cost,7.51
54100,Vietnam,PMO - US,Direct Drop,FCA,Air,31-Mar-15,31-Mar-15,ARV,Adult,ABBVIE LOGISTICS (FORMERLY ABBOTT LOGISTICS BV),SKU0008,"Lopinavir/Ritonavir 200/50mg [Aluvia], tablets, 120 Tabs",Aluvia,120,9000,547200,60.8,0.51,ABBVIE Ludwigshafen Germany,2235,5134.12,644.05
54150,South Africa,PMO - US,Direct Drop,DDP,Air,1-Jun-10,4-Jun-10,ARV,Adult,Aurobindo Pharma Limited,SKU0026,"Efavirenz 600mg, tablets, 30 Tabs",Generic,30,54000,252180,4.67,0.16,"Aurobindo Unit III, India",4568,6105.79,543.7
54180,Vietnam,PMO - US,Direct Drop,FCA,Air,1-Oct-09,1-Oct-09,ARV,Adult,ABBVIE LOGISTICS (FORMERLY ABBOTT LOGISTICS BV),SKU0008,"Lopinavir/Ritonavir 200/50mg [Aluvia], tablets, 120 Tabs",Aluvia,120,1400,115080,82.2,0.68,ABBVIE Ludwigshafen Germany,209,954.38,225.56
54208,Vietnam,PMO - US,Direct Drop,FCA,Air,20-Jun-12,20-Jun-12,ARV,Pediatric,LAWRENCE LABORATORIES (SUBSIDIARY OF BRISTOL MYERS SQUIBB),SKU0028,"Didanosine 25mg [Videx], chewable tablets, 60 Tabs",Videx,60,300,2100,7,0.12,Bristol-Myers Squibb Anagni IT,81,541.75,2.94
54243,Namibia,PMO - US,Direct Drop,EXW,Air,29-Sep-14,29-Sep-14,ARV,Adult,MYLAN LABORATORIES LTD (FORMERLY MATRIX LABORATORIES),SKU0132,"Efavirenz/Emtricitabine/Tenofovir Disoproxil Fumarate 600/200/300mg, tablets, 30 Tabs",Generic,30,36000,378000,10.5,0.35,"Mylan,  H-12 & H-13, India",4171,20371.77,388.58
54246,South Africa,South Africa Field Office,Direct Drop,DDP,Truck,16-Apr-13,16-Apr-13,ARV,Adult,S. BUYS WHOLESALER,SKU0014,"Zidovudine 300mg, tablets, 60 Tabs",Generic,60,53,1337.93,25.24,0.42,"Aurobindo Unit III, India",Weight Captured Separately,Freight Included in Commodity Cost,1.66
54248,South Africa,PMO - US,Direct Drop,DDP,Air,9-Feb-11,17-Mar-11,ARV,Pediatric,ASPEN PHARMACARE,SKU0087,"Abacavir 20mg/ml [Ziagen], oral solution, Bottle, 240 ml",Ziagen,240,12000,120240,10.02,0.04,GSK Mississauga (Canada),Weight Captured Separately,12474.06,259.24
54251,Guyana,PMO - US,Direct Drop,EXW,Air,19-Oct-12,19-Oct-12,ARV,Adult,Aurobindo Pharma Limited,SKU0135,"Lopinavir/Ritonavir 200/50mg, tablets, 120 Tabs",Generic,120,954,22896,24,0.2,"Aurobindo Unit III, India",243,2492.47,32.1
54265,Tanzania,PMO - US,Direct Drop,FCA,Air,27-Jun-11,27-Jun-11,ARV,Adult,LAWRENCE LABORATORIES (SUBSIDIARY OF BRISTOL MYERS SQUIBB),SKU0032,"Didanosine EC 400mg [Videx EC], delayed-release capsules, Blister 3 x 10 Caps",Videx EC,30,772,18273.24,23.67,0.79,Bristol-Myers Squibb Anagni IT,See ASN-10811 (ID#:17259),See ASN-10811 (ID#:17259),30.15
54271,Haiti,PMO - US,Direct Drop,EXW,Air,21-Dec-10,21-Dec-10,HRDT,HIV test,"Orgenics, Ltd",SKU0017,"HIV 1/2, Determine HIV Kit, without Lancets, 100 Tests",Determine,100,2500,244200,97.68,0.98,Inverness Japan,568,5631.87,526.5
54280,Côte d'Ivoire,PMO - US,Direct Drop,EXW,Air,20-May-15,20-May-15,HRDT,HIV test,"Orgenics, Ltd",SKU0002,"HIV 1/2, Determine Complete HIV Kit, 100 Tests",Determine,100,5750,460000,80,0.8,"Alere Medical Co., Ltd.",3374,24821.13,541.42
54296,South Africa,PMO - US,Direct Drop,DDP,Ocean,1-Feb-11,1-Feb-11,ARV,Adult,Aurobindo Pharma Limited,SKU0026,"Efavirenz 600mg, tablets, 30 Tabs",Generic,30,32083,144694.33,4.51,0.15,"Aurobindo Unit III, India",2808,630.5,311.96
54304,Mozambique,PMO - US,Direct Drop,EXW,Air,24-Dec-12,24-Dec-12,HRDT,HIV test,"Trinity Biotech, Plc",SKU0009,"HIV 1/2, Uni-Gold HIV Kit, 20 Tests",Uni-Gold,20,23,736,32,1.6,"Trinity Biotech, Plc",8,558.46,1.03
54312,South Africa,PMO - US,Direct Drop,DDP,Truck,27-Aug-14,27-Aug-14,ARV,Adult,S. BUYS WHOLESALER,SKU0105,"Emtricitabine/Tenofovir Disoproxil Fumarate 200/300mg, tablets, 30 Tabs",Generic,30,14,472.13,33.72,1.12,"Aurobindo Unit III, India",Weight Captured Separately,Freight Included in Commodity Cost,0.58
54348,Tanzania,PMO - US,Direct Drop,EXW,Air,31-Dec-12,31-Dec-12,HRDT,HIV test,"Orgenics, Ltd",SKU0002,"HIV 1/2, Determine Complete HIV Kit, 100 Tests",Determine,100,1568,125440,80,0.8,"Alere Medical Co., Ltd.",678,12950.74,175.87
54385,South Africa,PMO - US,Direct Drop,DDP,Truck,24-Aug-15,24-Aug-15,ARV,Pediatric,PHARMACY DIRECT,SKU0066,"Efavirenz 200mg, capsule, 90 Caps",Generic,90,47,857.74,18.25,0.2,"Aurobindo Unit III, India",Weight Captured Separately,Freight Included in Commodity Cost,0.88
54440,South Africa,PMO - US,Direct Drop,DDP,Air,13-Oct-10,13-Oct-10,ARV,Adult,CIPLA LIMITED,SKU0029,"Tenofovir Disoproxil Fumarate 300mg, tablets, 30 Tabs",Generic,30,72558,567403.56,7.82,0.26,"Cipla, Goa, India",4942,3646.13,1223.32
54461,Rwanda,PMO - US,Direct Drop,EXW,Air,30-Mar-12,30-Mar-12,ARV,Adult,Aurobindo Pharma Limited,SKU0069,"Didanosine 250mg, delayed-release capsules, 30 Caps",Generic,30,754,9802,13,0.43,"Aurobindo Unit III, India",See ASN-14125 (ID#:22658),See ASN-14125 (ID#:22658),16.17
54465,Mozambique,PMO - US,Direct Drop,EXW,Air,20-Mar-13,20-Mar-13,HRDT,HIV test,"Orgenics, Ltd",SKU0002,"HIV 1/2, Determine Complete HIV Kit, 100 Tests",Determine,100,2928,234240,80,0.8,"Alere Medical Co., Ltd.",1325,13303.36,289.75
54471,Nigeria,PMO - US,Direct Drop,EXW,Air,5-Aug-15,5-Aug-15,ARV,Adult,EMCURE PHARMACEUTICALS LTD,SKU0119,"Atazanavir/Ritonavir 300/100mg, tablets, 30 Tabs",Generic,30,11440,205920,18,0.6,"Emcure Plot No.P-2, I.T-B.T. Park, Phase II, MIDC, Hinjwadi, Pune, India",Weight Captured Separately,Invoiced Separately,211.69
54487,Mozambique,PMO - US,Direct Drop,EXW,Air,2-May-14,30-May-14,HRDT,HIV test,"Orgenics, Ltd",SKU0002,"HIV 1/2, Determine Complete HIV Kit, 100 Tests",Determine,100,5102,408160,80,0.8,"Alere Medical Co., Ltd.",3543,13789.73,419.59
54501,Tanzania,PMO - US,Direct Drop,EXW,Air,15-Jul-14,15-Jul-14,HRDT,HIV test,"Orgenics, Ltd",SKU0002,"HIV 1/2, Determine Complete HIV Kit, 100 Tests",Determine,100,350,28000,80,0.8,"Alere Medical Co., Ltd.",144,2631.39,28.78
54513,South Africa,PMO - US,Direct Drop,DDP,Truck,28-Dec-09,28-Dec-09,ARV,Adult,S. BUYS WHOLESALER,SKU0061,"Lamivudine 150mg [Epivir], tablets, 60 Tabs",Epivir,60,3200,19098.79,5.97,0.1,GSK Cape Town Factory (South Africa),Weight Captured Separately,Freight Included in Commodity Cost,41.18
54529,South Africa,PMO - US,Direct Drop,DDP,Truck,10-Dec-14,10-Dec-14,ARV,Pediatric,S. BUYS WHOLESALER,SKU0066,"Efavirenz 200mg, capsule, 90 Caps",Generic,90,77,1608.43,20.89,0.23,"Aurobindo Unit III, India",Weight Captured Separately,Freight Included in Commodity Cost,1.89
54536,Nigeria,PMO - US,Direct Drop,FCA,Air,21-May-10,21-May-10,ARV,Adult,Hoffmann-La Roche ltd Basel,SKU0027,"Saquinavir 200mg [Invirase], capsules, 270 Caps",Invirase,270,11,1062.3,96.57,0.36,Roche Basel,6,2502.05,2.29
54542,Vietnam,PMO - US,Direct Drop,EXW,Air,6-Jun-14,6-Jun-14,ARV,Adult,Aurobindo Pharma Limited,SKU0007,"Nevirapine 200mg, tablets, 60 Tabs",Generic,60,6600,14850,2.25,0.04,"Aurobindo Unit III, India",657,1192.25,15.27
54545,South Africa,PMO - US,Direct Drop,DDP,Air,9-Jun-10,9-Jun-10,ARV,Adult,Aurobindo Pharma Limited,SKU0007,"Nevirapine 200mg, tablets, 60 Tabs",Generic,60,38400,112128,2.92,0.05,"Aurobindo Unit III, India",4528,6369.79,241.75
54562,Kenya,PMO - US,Direct Drop,EXW,Air,20-Sep-10,20-Sep-10,HRDT,HIV test,"Trinity Biotech, Plc",SKU0009,"HIV 1/2, Uni-Gold HIV Kit, 20 Tests",Uni-Gold,20,1515,48480,32,1.6,"Trinity Biotech, Plc",518,4851,104.52
54579,South Africa,South Africa Field Office,Direct Drop,DDP,Truck,16-Apr-13,16-Apr-13,ARV,Adult,S. BUYS WHOLESALER,SKU0061,"Lamivudine 150mg [Epivir], tablets, 60 Tabs",Epivir,60,1021,7656.67,7.5,0.12,GSK Ware (UK),Weight Captured Separately,Freight Included in Commodity Cost,9.47
54635,Côte d'Ivoire,PMO - US,Direct Drop,EXW,Air,9-Mar-12,9-Mar-12,ARV,Adult,MYLAN LABORATORIES LTD (FORMERLY MATRIX LABORATORIES),SKU0125,"Abacavir/Lamivudine/Zidovudine 300/150/300mg, tablets, 60 Tabs",Generic,60,2080,58240,28,0.47,Mylan (formerly Matrix) Nashik,316,3095.28,96.1
54661,Malawi,PMO - US,Direct Drop,EXW,Air,30-Oct-13,30-Oct-13,HRDT,HIV test,"Orgenics, Ltd",SKU0002,"HIV 1/2, Determine Complete HIV Kit, 100 Tests",Determine,100,260,20800,80,0.8,"Alere Medical Co., Ltd.",109,2384.79,25.73
54666,Uganda,PMO - US,Direct Drop,CIP,Air,22-Jan-14,22-Jan-14,ARV,Adult,MYLAN LABORATORIES LTD (FORMERLY MATRIX LABORATORIES),SKU0152,"Abacavir/Lamivudine 600/300mg, tablets, 30 Tabs",Generic,30,8215,110820.35,13.49,0.45,Mylan (formerly Matrix) Nashik,805,1003.18,137.08
54676,South Africa,PMO - US,Direct Drop,DDP,Air,11-Jun-10,11-Jun-10,ARV,Adult,Aurobindo Pharma Limited,SKU0003,"Lamivudine 150mg, tablets, 60 Tabs",Generic,60,67120,169813.6,2.53,0.04,"Aurobindo Unit III, India",3230,4116.81,366.12
54679,Kenya,PMO - US,Direct Drop,CIP,Air,28-Feb-13,28-Feb-13,HRDT,HIV test,"Orgenics, Ltd",SKU0002,"HIV 1/2, Determine Complete HIV Kit, 100 Tests",Determine,100,7435,661715,89,0.89,"Alere Medical Co., Ltd.",1479,91.67,927.72
54729,Nigeria,PMO - US,Direct Drop,EXW,Air,23-Dec-13,10-Dec-13,HRDT,HIV test,"Orgenics, Ltd",SKU0002,"HIV 1/2, Determine Complete HIV Kit, 100 Tests",Determine,100,5983,532487,89,0.89,"Alere Medical Co., Ltd.",2425,39069.63,658.69
54744,Vietnam,PMO - US,Direct Drop,EXW,Air,3-Sep-13,3-Sep-13,ARV,Adult,Aurobindo Pharma Limited,SKU0007,"Nevirapine 200mg, tablets, 60 Tabs",Generic,60,4000,9000,2.25,0.04,"Aurobindo Unit III, India",See ASN-20555 (ID#:25809),See ASN-20555 (ID#:25809),11.13
54753,South Africa,South Africa Field Office,Direct Drop,DDP,Truck,16-Apr-13,16-Apr-13,ARV,Pediatric,S. BUYS WHOLESALER,SKU0049,"Efavirenz 50mg, capsule, 30 Caps",Generic,30,131,398.4,3.04,0.1,"Aurobindo Unit III, India",Weight Captured Separately,Freight Included in Commodity Cost,0.49
54755,Zimbabwe,PMO - US,Direct Drop,FCA,Air,21-Nov-11,21-Nov-11,ARV,Pediatric,ABBVIE LOGISTICS (FORMERLY ABBOTT LOGISTICS BV),SKU0045,"Lopinavir/Ritonavir 100/25mg [Aluvia], tablets, 60 Tabs",Generic,60,5625,43368.75,7.71,0.13,ABBVIE Ludwigshafen Germany,665,7549.41,93.5
54770,South Africa,PMO - US,Direct Drop,DDP,Truck,13-Jan-14,13-Jan-14,ARV,Adult,S. BUYS WHOLESALER,SKU0008,"Lopinavir/Ritonavir 200/50mg [Aluvia], tablets, 120 Tabs",Aluvia,120,133,3075.65,23.13,0.19,ABBVIE Ludwigshafen Germany,Weight Captured Separately,Freight Included in Commodity Cost,3.16
54780,Haiti,PMO - US,Direct Drop,EXW,Air,7-Oct-09,7-Oct-09,HRDT,HIV test,Orasure Technologies Inc.,SKU0018,"HIV 1/2, OraQuick Advance HIV Rapid Antibody Kit, 100 Tests",OraQuick,100,200,70000,350,3.5,"Pacific Biotech, Thailand",480,9334.68,137.2
54781,Nigeria,PMO - US,Direct Drop,FCA,Air,7-Jul-15,7-Jul-15,ARV,Pediatric,ABBVIE LOGISTICS (FORMERLY ABBOTT LOGISTICS BV),SKU0045,"Lopinavir/Ritonavir 100/25mg [Aluvia], tablets, 60 Tabs",Generic,60,2890,17166.6,5.94,0.1,ABBVIE Ludwigshafen Germany,Weight Captured Separately,Invoiced Separately,20.21
54792,Rwanda,PMO - US,Direct Drop,EXW,Air,18-Feb-15,18-Feb-15,HRDT,HIV test,"SHANGHAI KEHUA BIOENGINEERING CO.,LTD.  (KHB)",SKU0063,"HIV 1/2, SKB Colloidal Gold, Diagnostic Kit, Antibody, 50 Tests",Colloidal Gold,1,4099,100425.5,24.5,24.5,"KHB Test Kit Facility, Shanghai China",2733,36060,103.24
54827,South Africa,PMO - US,Direct Drop,DDP,Truck,12-May-15,12-May-15,ARV,Pediatric,PHARMACY DIRECT,SKU0049,"Efavirenz 50mg, capsule, 30 Caps",Generic,30,3,6.49,2.16,0.07,"Aurobindo Unit III, India",Weight Captured Separately,Freight Included in Commodity Cost,0.01
54828,Rwanda,PMO - US,Direct Drop,EXW,Air,16-Aug-12,16-Aug-12,ARV,Adult,MYLAN LABORATORIES LTD (FORMERLY MATRIX LABORATORIES),SKU0107,"Lamivudine/Tenofovir Disoproxil Fumarate 300/300mg, tablets, 30 Tabs",Generic,30,131704,683543.76,5.19,0.17,Mylan (formerly Matrix) Nashik,10818,119695.66,958.33
54829,Vietnam,PMO - US,Direct Drop,EXW,Air,15-Nov-12,15-Nov-12,ARV,Adult,CIPLA LIMITED,SKU0014,"Zidovudine 300mg, tablets, 60 Tabs",Generic,60,1475,9735,6.6,0.11,"Cipla, Goa, India",96,678.83,13.65
54840,Nigeria,PMO - US,Direct Drop,EXW,Air,9-Jan-13,8-Jan-13,HRDT,HIV test,"Orgenics, Ltd",SKU0002,"HIV 1/2, Determine Complete HIV Kit, 100 Tests",Determine,100,2744,244216,89,0.89,"Alere Medical Co., Ltd.",1186,24927.19,342.39
54934,South Africa,PMO - US,Direct Drop,DDP,Truck,24-Aug-15,24-Aug-15,ARV,Adult,PHARMACY DIRECT,SKU0069,"Didanosine 250mg, delayed-release capsules, 30 Caps",Generic,30,6,71.03,11.84,0.39,"Aurobindo Unit III, India",Weight Captured Separately,Freight Included in Commodity Cost,0.07
54952,Ethiopia,PMO - US,Direct Drop,EXW,Air,21-May-10,21-May-10,ARV,Adult,Aurobindo Pharma Limited,SKU0069,"Didanosine 250mg, delayed-release capsules, 30 Caps",Generic,30,3000,39000,13,0.43,"Aurobindo Unit III, India",201,1120.57,84.08
54955,South Africa,PMO - US,Direct Drop,DDP,Truck,12-May-10,12-May-10,ARV,Pediatric,S. BUYS WHOLESALER,SKU0035,"Nevirapine 10mg/ml [Viramune], oral suspension, Bottle, 240 ml",Viramune,240,20,310.55,15.53,0.06,Boehringer Ingelheim Roxane US,Weight Captured Separately,Freight Included in Commodity Cost,0.67
54956,South Africa,PMO - US,Direct Drop,DDP,Truck,31-May-10,31-May-10,ARV,Adult,S. BUYS WHOLESALER,SKU0007,"Nevirapine 200mg, tablets, 60 Tabs",Generic,60,450,10244.69,22.77,0.38,"Cipla, Goa, India",Weight Captured Separately,Freight Included in Commodity Cost,22.09
54957,Vietnam,PMO - US,Direct Drop,FCA,Air,7-Oct-14,7-Oct-14,ARV,Adult,ABBVIE LOGISTICS (FORMERLY ABBOTT LOGISTICS BV),SKU0118,"Ritonavir 100mg [Norvir], film coated tablets, 30 Tabs",Norvir,30,100,2326,23.26,0.78,ABBVIE Ludwigshafen Germany,Weight Captured Separately,Invoiced Separately,2.39
54960,South Africa,PMO - US,Direct Drop,DDP,Truck,7-Feb-14,7-Feb-14,ARV,Adult,S. BUYS WHOLESALER,SKU0044,"Lamivudine/Nevirapine/Stavudine 150/200/30mg, tablets, 60 Tabs",Generic,60,4,120.98,30.24,0.5,"Cipla, Goa, India",Weight Captured Separately,Freight Included in Commodity Cost,0.15
54965,Kenya,PMO - US,Direct Drop,EXW,Air,12-Nov-10,12-Nov-10,HRDT,HIV test,"Orgenics, Ltd",SKU0002,"HIV 1/2, Determine Complete HIV Kit, 100 Tests",Determine,100,1,89,89,0.89,Inverness Japan,1233,13753.58,0.19
54973,Côte d'Ivoire,PMO - US,Direct Drop,FCA,Ocean,23-Mar-12,23-Mar-12,ARV,Adult,ABBVIE LOGISTICS (FORMERLY ABBOTT LOGISTICS BV),SKU0008,"Lopinavir/Ritonavir 200/50mg [Aluvia], tablets, 120 Tabs",Aluvia,120,14420,444424.4,30.82,0.26,ABBVIE Ludwigshafen Germany,Weight Captured Separately,Invoiced Separately,733.3
54984,Tanzania,PMO - US,Direct Drop,FCA,Air,21-Nov-13,21-Nov-13,ARV,Pediatric,ABBVIE LOGISTICS (FORMERLY ABBOTT LOGISTICS BV),SKU0045,"Lopinavir/Ritonavir 100/25mg [Aluvia], tablets, 60 Tabs",Generic,60,2736,16251.84,5.94,0.1,ABBVIE Ludwigshafen Germany,328,3940.54,20.1
54986,Nigeria,PMO - US,Direct Drop,EXW,Air,12-Oct-11,12-Oct-11,HRDT,HIV test,"CHEMBIO DIAGNOSTIC SYSTEMS, INC.",SKU0016,"HIV 1/2, Stat-Pak HIV, Kit, 20 Tests",Stat-Pak,20,1301,37729,29,1.45,Chembio Diagnostics Sys. Inc.,376,2162.26,62.25
55009,South Africa,PMO - US,Direct Drop,DDP,Truck,19-Feb-15,19-Feb-15,ARV,Adult,PHARMACY DIRECT,SKU0011,"Lamivudine/Zidovudine 150/300mg, tablets, 60 Tabs",Generic,60,3,93.57,31.19,0.52,"Aurobindo Unit III, India",Weight Captured Separately,Freight Included in Commodity Cost,0.1
55017,Tanzania,PMO - US,Direct Drop,EXW,Ocean,23-Oct-13,23-Oct-13,ARV,Adult,MYLAN LABORATORIES LTD (FORMERLY MATRIX LABORATORIES),SKU0132,"Efavirenz/Emtricitabine/Tenofovir Disoproxil Fumarate 600/200/300mg, tablets, 30 Tabs",Generic,30,163929,2047473.21,12.49,0.42,Mylan (formerly Matrix) Nashik,21675,20312.64,2532.72
55018,Uganda,PMO - US,Direct Drop,DAP,Air,14-Dec-12,14-Dec-12,ARV,Adult,ASPEN PHARMACARE,SKU0139,"Darunavir 300mg [Prezista], tablets, 120 Tabs",Prezista,120,312,20779.2,66.6,0.55,"Aspen-OSD, Port Elizabeth, SA",See ASN-17430 (ID#:24384),See ASN-17430 (ID#:24384),25.7
55030,Côte d'Ivoire,PMO - US,Direct Drop,CIP,Air,27-Oct-10,27-Oct-10,ARV,Adult,MERCK SHARP & DOHME IDEA GMBH (FORMALLY MERCK SHARP & DOHME B.V.),SKU0038,"Efavirenz/Emtricitabine/Tenofovir Disoproxil Fumarate 600/200/300mg [Atripla], tablets, 30 Tabs",Atripla,30,2000,100800,50.4,1.68,"MSD, Haarlem, NL",269,1315.14,217.32
55049,Uganda,PMO - US,Direct Drop,EXW,Air,23-Jul-12,18-Jul-12,ARV,Adult,Aurobindo Pharma Limited,SKU0026,"Efavirenz 600mg, tablets, 30 Tabs",Generic,30,54383,184902.2,3.4,0.11,"Aurobindo Unit III, India",4668,20869.6,259.23
55050,Rwanda,PMO - US,Direct Drop,CIP,Air,11-Jan-11,11-Jan-11,ARV,Adult,HETERO LABS LIMITED,SKU0026,"Efavirenz 600mg, tablets, 30 Tabs",Generic,30,2094,9067.02,4.33,0.14,Hetero Unit III Hyderabad IN,Weight Captured Separately,Freight Included in Commodity Cost,19.55
55053,Guyana,PMO - US,Direct Drop,EXW,Air,1-Jul-13,1-Jul-13,ARV,Adult,Aurobindo Pharma Limited,SKU0041,"Stavudine 15mg, capsules, 60 Caps",Generic,60,10,13,1.3,0.02,"Aurobindo Unit III, India",1,618.89,0.02
55064,Ethiopia,PMO - US,Direct Drop,EXW,Air,24-Jun-15,24-Jun-15,HRDT,HIV test,"Trinity Biotech, Plc",SKU0009,"HIV 1/2, Uni-Gold HIV Kit, 20 Tests",Uni-Gold,20,170,5440,32,1.6,"Trinity Biotech, Plc",58,143.57,6.4
55072,Nigeria,PMO - US,Direct Drop,EXW,Air,7-Nov-13,7-Nov-13,HRDT,HIV test,"Orgenics, Ltd",SKU0002,"HIV 1/2, Determine Complete HIV Kit, 100 Tests",Determine,100,3053,271717,89,0.89,"Alere Medical Co., Ltd.",1240,20705.23,336.11
55083,South Africa,PMO - US,Direct Drop,DDP,Truck,10-Dec-14,10-Dec-14,ARV,Adult,S. BUYS WHOLESALER,SKU0069,"Didanosine 250mg, delayed-release capsules, 30 Caps",Generic,30,4,54.01,13.5,0.45,"Aurobindo Unit III, India",Weight Captured Separately,Freight Included in Commodity Cost,0.06
55085,Rwanda,PMO - US,Direct Drop,EXW,Ocean,27-Aug-12,27-Aug-12,ARV,Pediatric,CIPLA LIMITED,SKU0048,"Lamivudine 10mg/ml, oral solution, Bottle, 240 ml",Generic,240,7840,13720,1.75,0.01,"Cipla, Goa, India",2995,20193.21,19.24
55087,Nigeria,PMO - US,Direct Drop,EXW,Air,30-Apr-15,30-Apr-15,HRDT,HIV test,"CHEMBIO DIAGNOSTIC SYSTEMS, INC.",SKU0016,"HIV 1/2, Stat-Pak HIV, Kit, 20 Tests",Stat-Pak,20,1620,51840,32,1.6,Chembio Diagnostics Sys. Inc.,Weight Captured Separately,Invoiced Separately,61.02
55093,South Africa,PMO - US,Direct Drop,DDP,Truck,29-Aug-14,29-Aug-14,ARV,Pediatric,S. BUYS WHOLESALER,SKU0049,"Efavirenz 50mg, capsule, 30 Caps",Generic,30,99,328.31,3.32,0.11,"Aurobindo Unit III, India",Weight Captured Separately,Freight Included in Commodity Cost,0.41
55138,South Sudan,PMO - US,Direct Drop,EXW,Air,8-May-15,8-May-15,HRDT,HIV test,"Trinity Biotech, Plc",SKU0009,"HIV 1/2, Uni-Gold HIV Kit, 20 Tests",Uni-Gold,20,450,14400,32,1.6,"Trinity Biotech, Plc",See ASN-31129 (ID#:40205),See ASN-31129 (ID#:40205),16.95
55159,Zambia,PMO - US,Direct Drop,EXW,Air,28-Jan-10,28-Jan-10,HRDT,HIV test,"Orgenics, Ltd",SKU0002,"HIV 1/2, Determine Complete HIV Kit, 100 Tests",Determine,100,1820,131040,72,0.72,Inverness Japan,See ASN-5853 (ID#:24427),See ASN-5853 (ID#:24427),256.84
55160,South Africa,PMO - US,Direct Drop,DDP,Truck,29-Oct-09,29-Oct-09,ARV,Adult,S. BUYS WHOLESALER,SKU0014,"Zidovudine 300mg, tablets, 60 Tabs",Generic,60,1600,41783.61,26.11,0.44,"Aurobindo Unit III, India",Weight Captured Separately,Freight Included in Commodity Cost,81.9
55180,Uganda,PMO - US,Direct Drop,FCA,Air,4-May-10,4-May-10,ARV,Adult,ABBVIE LOGISTICS (FORMERLY ABBOTT LOGISTICS BV),SKU0008,"Lopinavir/Ritonavir 200/50mg [Aluvia], tablets, 120 Tabs",Aluvia,120,100,3616,36.16,0.3,ABBVIE Ludwigshafen Germany,36,1084.27,7.8
55188,Tanzania,PMO - US,Direct Drop,EXW,Air,9-Feb-12,9-Feb-12,HRDT,HIV test,"Trinity Biotech, Plc",SKU0009,"HIV 1/2, Uni-Gold HIV Kit, 20 Tests",Uni-Gold,20,450,14400,32,1.6,"Trinity Biotech, Plc",148,1938.15,23.76
55206,Pakistan,PMO - US,Direct Drop,EXW,Air,20-Jul-12,20-Jul-12,HRDT,HIV test,"Orgenics, Ltd",SKU0002,"HIV 1/2, Determine Complete HIV Kit, 100 Tests",Determine,100,4484,358720,80,0.8,"Alere Medical Co., Ltd.",2134,32272,502.93
55220,South Africa,PMO - US,Direct Drop,DDP,Truck,12-May-15,12-May-15,ARV,Adult,PHARMACY DIRECT,SKU0007,"Nevirapine 200mg, tablets, 60 Tabs",Generic,60,20,256.48,12.82,0.21,"Aurobindo Unit III, India",Weight Captured Separately,Freight Included in Commodity Cost,0.26
55225,South Africa,PMO - US,Direct Drop,DDP,Air,7-Sep-10,17-Nov-10,ARV,Adult,Aurobindo Pharma Limited,SKU0026,"Efavirenz 600mg, tablets, 30 Tabs",Generic,30,31680,147945.6,4.67,0.16,"Aurobindo Unit III, India",2970,4263.08,318.97
55238,Vietnam,PMO - US,Direct Drop,EXW,Air,16-May-12,16-May-12,ARV,Adult,MYLAN LABORATORIES LTD (FORMERLY MATRIX LABORATORIES),SKU0058,"Abacavir 300mg, tablets, 60 Tabs",Generic,60,368,4784,13,0.22,Mylan (formerly Matrix) Nashik,See ASN-14517 (ID#:44737),See ASN-14517 (ID#:44737),6.71
55253,South Africa,PMO - US,Direct Drop,DDP,Air,8-Dec-10,8-Dec-10,ARV,Adult,Aurobindo Pharma Limited,SKU0007,"Nevirapine 200mg, tablets, 60 Tabs",Generic,60,26400,77088,2.92,0.05,"Aurobindo Unit III, India",3113,5159.33,166.2
55297,Vietnam,PMO - US,Direct Drop,EXW,Air,20-Sep-10,20-Sep-10,ARV,Adult,MYLAN LABORATORIES LTD (FORMERLY MATRIX LABORATORIES),SKU0058,"Abacavir 300mg, tablets, 60 Tabs",Generic,60,100,1574,15.74,0.26,Mylan (formerly Matrix) Nashik,10,3896.68,3.39
55304,Vietnam,PMO - US,Direct Drop,EXW,Air,7-Sep-15,7-Sep-15,ARV,Adult,HETERO LABS LIMITED,SKU0113,"Efavirenz/Lamivudine/Tenofovir Disoproxil Fumarate 600/300/300mg, tablets, 30 Tabs",Generic,30,15284,145198,9.5,0.32,Hetero Unit III Hyderabad IN,See ASN-33143 (ID#:42190),See ASN-33143 (ID#:42190),170.9
55322,South Africa,PMO - US,Direct Drop,DDP,Air,7-Sep-10,27-Oct-10,ARV,Adult,Aurobindo Pharma Limited,SKU0026,"Efavirenz 600mg, tablets, 30 Tabs",Generic,30,31680,147945.6,4.67,0.16,"Aurobindo Unit III, India",2970,4263.07,318.97
55331,South Africa,PMO - US,Direct Drop,DDP,Air,1-Jun-10,8-Jun-10,ARV,Adult,Aurobindo Pharma Limited,SKU0026,"Efavirenz 600mg, tablets, 30 Tabs",Generic,30,53916,251787.72,4.67,0.16,"Aurobindo Unit III, India",4561,6105.79,542.85
55376,Vietnam,PMO - US,Direct Drop,FCA,Air,25-Feb-11,25-Feb-11,ARV,Adult,ABBVIE LOGISTICS (FORMERLY ABBOTT LOGISTICS BV),SKU0052,"Ritonavir 100mg [Norvir], capsules, cool, 4 x 84 Caps",Norvir,336,18,3717.18,206.51,0.61,ABBVIE (Abbott) Logis. UK,55,3785.84,8.01
55401,Tanzania,PMO - US,Direct Drop,FCA,Air,21-Nov-13,21-Nov-13,ARV,Pediatric,ABBVIE LOGISTICS (FORMERLY ABBOTT LOGISTICS BV),SKU0042,"Lopinavir/Ritonavir 80/20mg/ml [Kaletra], oral solution, cool, Bottle 5 x 60 ml",Kaletra,300,264,8136.48,30.82,0.1,ABBVIE (Abbott) Logis. UK,257,2160.36,10.06
55453,Rwanda,PMO - US,Direct Drop,EXW,Air,18-Feb-15,18-Feb-15,HRDT,HIV test,"Trinity Biotech, Plc",SKU0009,"HIV 1/2, Uni-Gold HIV Kit, 20 Tests",Uni-Gold,20,369,11808,32,1.6,"Trinity Biotech, Plc",115,1729.95,12.14
55474,Côte d'Ivoire,PMO - US,Direct Drop,CIP,Air,18-Dec-09,18-Dec-09,ARV,Adult,MERCK SHARP & DOHME IDEA GMBH (FORMALLY MERCK SHARP & DOHME B.V.),SKU0038,"Efavirenz/Emtricitabine/Tenofovir Disoproxil Fumarate 600/200/300mg [Atripla], tablets, 30 Tabs",Atripla,30,5320,268128,50.4,1.68,"MSD, Haarlem, NL",464,30,525.53
55504,Ethiopia,PMO - US,Direct Drop,EXW,Air,29-Aug-12,29-Aug-12,HRDT,HIV test,"Trinity Biotech, Plc",SKU0009,"HIV 1/2, Uni-Gold HIV Kit, 20 Tests",Uni-Gold,20,27,864,32,1.6,"Trinity Biotech, Plc",10,490.23,1.21
55518,Tanzania,PMO - US,Direct Drop,EXW,Air,8-May-12,8-May-12,HRDT,HIV test,"Orgenics, Ltd",SKU0002,"HIV 1/2, Determine Complete HIV Kit, 100 Tests",Determine,100,2870,229600,80,0.8,"Alere Medical Co., Ltd.",1368,24308.25,321.9
55520,Ethiopia,PMO - US,Direct Drop,EXW,Air,14-Mar-12,14-Mar-12,HRDT,HIV test,"SHANGHAI KEHUA BIOENGINEERING CO.,LTD.  (KHB)",SKU0063,"HIV 1/2, SKB Colloidal Gold, Diagnostic Kit, Antibody, 50 Tests",Colloidal Gold,1,175,4287.5,24.5,24.5,"KHB Test Kit Facility, Shanghai China",1,1437.62,6.01
55522,South Africa,PMO - US,Direct Drop,DDP,Ocean,4-Apr-11,4-Apr-11,ARV,Pediatric,Aurobindo Pharma Limited,SKU0126,"Nevirapine 10mg/ml, oral suspension w/syringe, Bottle, 240 ml",Generic,240,27910,59169.2,2.12,0.01,"Aurobindo Unit III, India",10346,3961.7,97.63
55568,South Africa,PMO - US,Direct Drop,DDP,Truck,25-Jun-14,25-Jun-14,ARV,Adult,PHARMACY DIRECT,SKU0134,"Didanosine 400mg, delayed-release capsules, 30 Caps",Generic,30,8,157.41,19.68,0.66,"Aurobindo Unit III, India",Weight Captured Separately,Freight Included in Commodity Cost,0.16
55643,Vietnam,PMO - US,Direct Drop,EXW,Air,5-Feb-15,5-Feb-15,ARV,Adult,MYLAN LABORATORIES LTD (FORMERLY MATRIX LABORATORIES),SKU0011,"Lamivudine/Zidovudine 150/300mg, tablets, 60 Tabs",Generic,60,10000,64900,6.49,0.11,Mylan (formerly Matrix) Nashik,See ASN-29768 (ID#:13555),See ASN-29768 (ID#:13555),66.72
55679,Tanzania,PMO - US,Direct Drop,EXW,Air,7-Dec-12,30-Nov-12,HRDT,HIV test,"Orgenics, Ltd",SKU0002,"HIV 1/2, Determine Complete HIV Kit, 100 Tests",Determine,100,2744,219520,80,0.8,"Alere Medical Co., Ltd.",1303,22158.58,307.77
55706,Haiti,PMO - US,Direct Drop,EXW,Air,7-Aug-12,7-Aug-12,ARV,Adult,STRIDES ARCOLAB LIMITED,SKU0104,"Lamivudine/Stavudine 150/30mg, tablets, 60 Tabs",Generic,60,384,1121.28,2.92,0.05,"Strides, Bangalore, India.",20,950.05,1.57
55712,Vietnam,PMO - US,Direct Drop,EXW,Air,3-Sep-15,3-Sep-15,ARV,Adult,HETERO LABS LIMITED,SKU0113,"Efavirenz/Lamivudine/Tenofovir Disoproxil Fumarate 600/300/300mg, tablets, 30 Tabs",Generic,30,15552,147744,9.5,0.32,Hetero Unit III Hyderabad IN,See ASN-33266 (ID#:44615),See ASN-33266 (ID#:44615),173.89
55715,Mozambique,PMO - US,Direct Drop,EXW,Air,4-Nov-13,4-Nov-13,HRDT,HIV test,"Orgenics, Ltd",SKU0002,"HIV 1/2, Determine Complete HIV Kit, 100 Tests",Determine,100,645,51600,80,0.8,"Alere Medical Co., Ltd.",267,3453.53,63.83
55716,South Africa,PMO - US,Direct Drop,DDP,Truck,9-Mar-15,9-Mar-15,ARV,Adult,PHARMACY DIRECT,SKU0134,"Didanosine 400mg, delayed-release capsules, 30 Caps",Generic,30,6,85.31,14.22,0.47,"Aurobindo Unit III, India",Weight Captured Separately,Freight Included in Commodity Cost,0.09
55730,Mozambique,PMO - US,Direct Drop,CIP,Air,20-Jan-15,20-Jan-15,ARV,Adult,MERCK SHARP & DOHME IDEA GMBH (FORMALLY MERCK SHARP & DOHME B.V.),SKU0129,"Raltegravir 400mg [Isentress], tablets, 60 Tabs",Isentress,60,40,2220,55.5,0.92,"MSD, Haarlem, NL",Weight Captured Separately,Freight Included in Commodity Cost,2.28
55737,Tanzania,PMO - US,Direct Drop,EXW,Air,7-Aug-10,7-Aug-10,ARV,Adult,Aurobindo Pharma Limited,SKU0007,"Nevirapine 200mg, tablets, 60 Tabs",Generic,60,28755,74763,2.6,0.04,"Aurobindo Unit III, India",3392,20294.85,161.19
55764,Namibia,PMO - US,Direct Drop,EXW,Air,29-Apr-10,29-Apr-10,HRDT,HIV test,"Trinity Biotech, Plc",SKU0009,"HIV 1/2, Uni-Gold HIV Kit, 20 Tests",Uni-Gold,20,2000,64000,32,1.6,"Trinity Biotech, Plc",687,17918.72,137.98
55765,South Africa,PMO - US,Direct Drop,DDP,Truck,11-Jul-14,11-Jul-14,ARV,Pediatric,S. BUYS WHOLESALER,SKU0144,"Atazanavir 150mg [Reyataz], capsules, 60 Caps",Reyataz,60,1,25.69,25.69,0.43,"BMS Evansville, US",Weight Captured Separately,Freight Included in Commodity Cost,0.03
55783,Rwanda,PMO - US,Direct Drop,CIP,Air,27-Jan-10,27-Jan-10,ARV,Adult,Aurobindo Pharma Limited,SKU0058,"Abacavir 300mg, tablets, 60 Tabs",Generic,60,9270,179189.1,19.33,0.32,"Aurobindo Unit III, India",1010,16847.52,351.21
55814,Sudan,PMO - US,Direct Drop,EXW,Air,6-Jan-12,6-Jan-12,HRDT,HIV test,"Orgenics, Ltd",SKU0002,"HIV 1/2, Determine Complete HIV Kit, 100 Tests",Determine,100,129,11481,89,0.89,"Alere Medical Co., Ltd.",60,1133.17,18.94
55862,Haiti,PMO - US,Direct Drop,EXW,Air,4-Jan-13,4-Jan-13,ARV,Pediatric,Aurobindo Pharma Limited,SKU0138,"Abacavir/Lamivudine 60/30mg, tablets, 60 Tabs",Generic,60,2516,11573.6,4.6,0.08,"Aurobindo Unit III, India",118,1442.83,16.23
55890,South Africa,South Africa Field Office,Direct Drop,DDP,Truck,16-Apr-13,16-Apr-13,ARV,Adult,S. BUYS WHOLESALER,SKU0011,"Lamivudine/Zidovudine 150/300mg, tablets, 60 Tabs",Generic,60,1152,34884.66,30.28,0.5,"Cipla, Goa, India",Weight Captured Separately,Freight Included in Commodity Cost,43.15
55894,Nigeria,PMO - US,Direct Drop,EXW,Air,23-Jul-15,23-Jul-15,ARV,Adult,EMCURE PHARMACEUTICALS LTD,SKU0119,"Atazanavir/Ritonavir 300/100mg, tablets, 30 Tabs",Generic,30,9070,163260,18,0.6,"Emcure Plot No.P-2, I.T-B.T. Park, Phase II, MIDC, Hinjwadi, Pune, India",Weight Captured Separately,Invoiced Separately,167.83
55904,Tanzania,PMO - US,Direct Drop,EXW,Air,31-Dec-12,31-Dec-12,HRDT,HIV test,"Orgenics, Ltd",SKU0002,"HIV 1/2, Determine Complete HIV Kit, 100 Tests",Determine,100,2352,188160,80,0.8,"Alere Medical Co., Ltd.",1016,19026.72,263.8
55914,Nigeria,PMO - US,Direct Drop,EXW,Air,18-Sep-13,24-Sep-13,HRDT,HIV test,"Orgenics, Ltd",SKU0002,"HIV 1/2, Determine Complete HIV Kit, 100 Tests",Determine,100,3072,273408,89,0.89,"Alere Medical Co., Ltd.",1248,13383.47,338.21
55922,South Africa,PMO - US,Direct Drop,DDP,Truck,5-Nov-14,5-Nov-14,ARV,Pediatric,PHARMACY DIRECT,SKU0048,"Lamivudine 10mg/ml, oral solution, Bottle, 240 ml",Generic,240,20,143.05,7.15,0.03,"Aurobindo Unit III, India",Weight Captured Separately,Freight Included in Commodity Cost,0.15
56005,Haiti,PMO - US,Direct Drop,EXW,Air,14-Oct-14,14-Oct-14,ARV,Pediatric,CIPLA LIMITED,SKU0124,"Lamivudine/Zidovudine 30/60mg, dispersible tablets, 60 Tabs",Generic,60,3184,6336.16,1.99,0.03,"Cipla, Goa, India",250,2794.21,6.51
56016,South Sudan,PMO - US,Direct Drop,EXW,Air,3-Jun-15,3-Jun-15,HRDT,HIV test - Ancillary,"Orgenics, Ltd",SKU0084,"Capillary Tubes, for Determine, EDTA, 50uL,100 Pcs",Determine,100,45,360,8,0.08,"Alere Medical Co., Ltd.",See ASN-31321 (ID#:30363),See ASN-31321 (ID#:30363),0.42
56022,South Africa,PMO - US,Direct Drop,DDP,Truck,3-Oct-14,3-Oct-14,ARV,Adult,PHARMACY DIRECT,SKU0014,"Zidovudine 300mg, tablets, 60 Tabs",Generic,60,5,124.77,24.95,0.42,"Aurobindo Unit III, India",Weight Captured Separately,Freight Included in Commodity Cost,0.13
56029,Rwanda,PMO - US,Direct Drop,EXW,Air,28-Apr-14,16-Jun-14,HRDT,HIV test,"SHANGHAI KEHUA BIOENGINEERING CO.,LTD.  (KHB)",SKU0063,"HIV 1/2, SKB Colloidal Gold, Diagnostic Kit, Antibody, 50 Tests",Colloidal Gold,1,4230,103635,24.5,24.5,"KHB Test Kit Facility, Shanghai China",2820,37130.88,106.54
56057,Nigeria,PMO - US,Direct Drop,EXW,Air,14-Jul-15,14-Jul-15,HRDT,HIV test,"Orgenics, Ltd",SKU0002,"HIV 1/2, Determine Complete HIV Kit, 100 Tests",Determine,100,6388,568532,89,0.89,"Alere Medical Co., Ltd.",2590,Freight Included in Commodity Cost,669.16
56084,Zambia,PMO - US,Direct Drop,EXW,Air,5-Aug-13,31-Jul-13,HRDT,HIV test,"Orgenics, Ltd",SKU0002,"HIV 1/2, Determine Complete HIV Kit, 100 Tests",Determine,100,2929,234320,80,0.8,"Alere Medical Co., Ltd.",1214,18875.83,289.85
56106,Tanzania,PMO - US,Direct Drop,EXW,Air,25-May-12,25-May-12,HRDT,HIV test,"Orgenics, Ltd",SKU0002,"HIV 1/2, Determine Complete HIV Kit, 100 Tests",Determine,100,2737,218960,80,0.8,"Alere Medical Co., Ltd.",1300,23269.06,306.98
56107,Vietnam,PMO - US,Direct Drop,EXW,Air,3-Nov-14,3-Nov-14,ARV,Adult,MYLAN LABORATORIES LTD (FORMERLY MATRIX LABORATORIES),SKU0011,"Lamivudine/Zidovudine 150/300mg, tablets, 60 Tabs",Generic,60,16185,105040.65,6.49,0.11,Mylan (formerly Matrix) Nashik,See ASN-28248 (ID#:48994),See ASN-28248 (ID#:48994),107.98
56118,South Africa,PMO - US,Direct Drop,DDP,Truck,27-Oct-09,27-Oct-09,ARV,Adult,S. BUYS WHOLESALER,SKU0004,"Stavudine 30mg, capsules, 60 Caps",Generic,60,4500,20364.96,4.53,0.08,"Aurobindo Unit III, India",Weight Captured Separately,Freight Included in Commodity Cost,39.92
56125,Cameroon,PMO - US,Direct Drop,EXW,Air,8-Jan-14,8-Jan-14,ARV,Adult,Aurobindo Pharma Limited,SKU0113,"Efavirenz/Lamivudine/Tenofovir Disoproxil Fumarate 600/300/300mg, tablets, 30 Tabs",Generic,30,37732,420711.8,11.15,0.37,"Aurobindo Unit VII, IN",4962,63818.03,520.42
56165,Côte d'Ivoire,PMO - US,Direct Drop,CIP,Air,27-Apr-10,27-Apr-10,ARV,Adult,MERCK SHARP & DOHME IDEA GMBH (FORMALLY MERCK SHARP & DOHME B.V.),SKU0094,"Indinavir 400mg [Crixivan], capsules, 180 Caps",Crixivan,180,2000,100000,50,0.28,"MSD, Haarlem, NL",518,1434.5,215.6
56167,South Africa,PMO - US,Direct Drop,DDP,Truck,31-May-10,31-May-10,ARV,Adult,S. BUYS WHOLESALER,SKU0033,"Abacavir 300mg [Ziagen], tablets, Blister 6 x 10 Tabs",Ziagen,60,100,3988.5,39.88,0.66,GSK Ware (UK),Weight Captured Separately,Freight Included in Commodity Cost,8.6
56194,Zimbabwe,PMO - US,Direct Drop,EXW,Air Charter,14-Jun-14,14-Jun-14,ARV,Adult,CIPLA LIMITED,SKU0107,"Lamivudine/Tenofovir Disoproxil Fumarate 300/300mg, tablets, 30 Tabs",Generic,30,25811,118472.49,4.59,0.15,"Cipla, Kurkumbh, India",2829,24936.5,121.79
56234,Kenya,PMO - US,Direct Drop,EXW,Air,16-Feb-12,16-Feb-12,HRDT,HIV test,"Trinity Biotech, Plc",SKU0009,"HIV 1/2, Uni-Gold HIV Kit, 20 Tests",Uni-Gold,20,18000,576000,32,1.6,"Trinity Biotech, Plc",5876,40091.65,807.55
56301,"Congo, DRC",PMO - US,Direct Drop,EXW,Air,10-Nov-14,10-Nov-14,ARV,Pediatric,Aurobindo Pharma Limited,SKU0120,"Nevirapine 50mg, dispersible tablets (tablets for oral suspension), 30 Tabs",Generic,30,440,550,1.25,0.04,"Aurobindo Unit III, India",See ASN-27933 (ID#:22761),See ASN-27933 (ID#:22761),0.57
56310,South Africa,PMO - US,Direct Drop,DDP,Truck,13-Jan-14,13-Jan-14,ARV,Pediatric,S. BUYS WHOLESALER,SKU0130,"Lamivudine 10mg/ml, oral solution w/syringe, Bottle, 240 ml",Generic,240,4,26.78,6.7,0.03,"Aurobindo Unit III, India",Weight Captured Separately,Freight Included in Commodity Cost,0.03
56320,South Africa,PMO - US,Direct Drop,DDP,Air,8-Jun-10,8-Jun-10,ARV,Adult,Aurobindo Pharma Limited,SKU0014,"Zidovudine 300mg, tablets, 60 Tabs",Generic,60,26540,197192.2,7.43,0.12,"Aurobindo Unit III, India",1431,4885.21,425.15
56331,Haiti,PMO - US,Direct Drop,EXW,Ocean,22-Oct-12,22-Oct-12,ARV,Adult,MYLAN LABORATORIES LTD (FORMERLY MATRIX LABORATORIES),SKU0135,"Lopinavir/Ritonavir 200/50mg, tablets, 120 Tabs",Generic,120,2160,54000,25,0.21,Mylan (formerly Matrix) Nashik,See ASN-15571 (ID#:21091),See ASN-15571 (ID#:21091),75.71
56332,Côte d'Ivoire,PMO - US,Direct Drop,EXW,Air,29-Apr-14,29-Apr-14,ARV,Adult,Aurobindo Pharma Limited,SKU0069,"Didanosine 250mg, delayed-release capsules, 30 Caps",Generic,30,1200,9096,7.58,0.25,"Aurobindo Unit III, India",96,1510.05,9.35
56335,Mozambique,PMO - US,Direct Drop,EXW,Air,2-Mar-14,2-Mar-14,ARV,Adult,Aurobindo Pharma Limited,SKU0134,"Didanosine 400mg, delayed-release capsules, 30 Caps",Generic,30,800,16000,20,0.67,"Aurobindo Unit III, India",62,1045.5,16.45
56367,South Sudan,PMO - US,Direct Drop,EXW,Air,3-Oct-14,3-Oct-14,HRDT,HIV test - Ancillary,"Orgenics, Ltd",SKU0136,"Chase Buffer, Determine, 100 Tests, 2.5ml x 1 Vial",Determine,1,160,800,5,5,"Alere Medical Co., Ltd.",See ASN-27328 (ID#:27829),See ASN-27328 (ID#:27829),0.82
56395,South Africa,PMO - US,Direct Drop,DDP,Truck,26-Jan-15,26-Jan-15,ARV,Adult,PHARMACY DIRECT,SKU0105,"Emtricitabine/Tenofovir Disoproxil Fumarate 200/300mg, tablets, 30 Tabs",Generic,30,11,240.14,21.83,0.73,"Aurobindo Unit III, India",Weight Captured Separately,Freight Included in Commodity Cost,0.25
56416,Uganda,PMO - US,Direct Drop,EXW,Air,23-Jul-12,23-Jul-12,ARV,Adult,Aurobindo Pharma Limited,SKU0026,"Efavirenz 600mg, tablets, 30 Tabs",Generic,30,20617,70097.8,3.4,0.11,"Aurobindo Unit III, India",1770,7651.56,98.28
56464,South Africa,PMO - US,Direct Drop,DDP,Truck,24-Aug-15,24-Aug-15,ARV,Adult,PHARMACY DIRECT,SKU0134,"Didanosine 400mg, delayed-release capsules, 30 Caps",Generic,30,8,122.18,15.27,0.51,"Aurobindo Unit III, India",Weight Captured Separately,Freight Included in Commodity Cost,0.13
56465,South Africa,PMO - US,Direct Drop,DDP,Truck,2-Jun-15,2-Jun-15,ARV,Adult,PHARMACY DIRECT,SKU0026,"Efavirenz 600mg, tablets, 30 Tabs",Generic,30,38,428.22,11.27,0.38,"Aurobindo Unit III, India",Weight Captured Separately,Freight Included in Commodity Cost,0.44
56468,Cameroon,PMO - US,Direct Drop,EXW,Air,10-Jun-14,10-Jun-14,HRDT,HIV test,"Orgenics, Ltd",SKU0002,"HIV 1/2, Determine Complete HIV Kit, 100 Tests",Determine,100,5000,400000,80,0.8,"Alere Medical Co., Ltd.",2020,29918.58,494.8
56487,Zambia,PMO - US,Direct Drop,EXW,Air,17-Dec-10,21-Dec-10,HRDT,HIV test,"Orgenics, Ltd",SKU0002,"HIV 1/2, Determine Complete HIV Kit, 100 Tests",Determine,100,2814,225120,80,0.8,Inverness Japan,1363,22746.62,485.36
56495,Nigeria,PMO - US,Direct Drop,EXW,Air,12-Sep-11,12-Sep-11,HRDT,HIV test,"Trinity Biotech, Plc",SKU0009,"HIV 1/2, Uni-Gold HIV Kit, 20 Tests",Uni-Gold,20,5791,185312,32,1.6,"Trinity Biotech, Plc",1918,24147.39,305.76
56496,Guyana,PMO - US,Direct Drop,EXW,Air,18-Apr-13,18-Apr-13,ARV,Pediatric,MICRO LABS LIMITED,SKU0049,"Efavirenz 50mg, capsule, 30 Caps",Generic,30,65,130,2,0.07,"Micro labs, Verna, Goa, India",4,783.21,0.16
56505,South Africa,PMO - US,Direct Drop,DDP,Ocean,6-Dec-11,6-Dec-11,ARV,Adult,CIPLA LIMITED,SKU0007,"Nevirapine 200mg, tablets, 60 Tabs",Generic,60,129183,351377.76,2.72,0.05,"Cipla, Goa, India",Weight Captured Separately,Freight Included in Commodity Cost,579.77
56520,Sudan,PMO - US,Direct Drop,EXW,Air,24-Jun-11,24-Jun-11,HRDT,HIV test,"Standard Diagnostics, Inc.",SKU0019,"HIV 1/2, Bioline 3.0 Kit, Lancets, Capillary pipets, Alcohol swabs included, 25 Tests",Bioline,25,30,600,20,0.8,"Standard Diagnostics, Korea",430,4500.71,0.99
56524,Mozambique,PMO - US,Direct Drop,EXW,Ocean,22-Nov-11,22-Nov-11,HRDT,HIV test,"Trinity Biotech, Plc",SKU0009,"HIV 1/2, Uni-Gold HIV Kit, 20 Tests",Uni-Gold,20,13300,425600,32,1.6,"Trinity Biotech, Plc",4472,23408.33,702.24
58808,Vietnam,PMO - US,Direct Drop,EXW,Air,14-May-12,14-May-12,ARV,Pediatric,Aurobindo Pharma Limited,SKU0049,"Efavirenz 50mg, capsule, 30 Caps",Generic,30,435,974.4,2.24,0.07,"Aurobindo Unit III, India",25,1003.65,1.37
56550,Tanzania,PMO - US,Direct Drop,FCA,Air,17-Nov-09,17-Nov-09,ARV,Adult,ABBVIE LOGISTICS (FORMERLY ABBOTT LOGISTICS BV),SKU0052,"Ritonavir 100mg [Norvir], capsules, cool, 4 x 84 Caps",Norvir,336,645,24742.2,38.36,0.11,ABBVIE (Abbott) Logis. UK,1210,7015.04,48.49
56637,Côte d'Ivoire,PMO - US,Direct Drop,EXW,Air,24-Jun-13,24-Jun-13,HRDT,HIV test,"CHEMBIO DIAGNOSTIC SYSTEMS, INC.",SKU0016,"HIV 1/2, Stat-Pak HIV, Kit, 20 Tests",Stat-Pak,20,2000,58000,29,1.45,Chembio Diagnostics Sys. Inc.,576,7168.62,71.75
56668,Vietnam,PMO - US,Direct Drop,EXW,Air,24-Oct-11,24-Oct-11,ARV,Adult,HETERO LABS LIMITED,SKU0011,"Lamivudine/Zidovudine 150/300mg, tablets, 60 Tabs",Generic,60,8245,67609,8.2,0.14,Hetero Unit III Hyderabad IN,759,7261.69,111.55
56679,South Africa,PMO - US,Direct Drop,DDP,Truck,13-Aug-14,13-Aug-14,ARV,Pediatric,S. BUYS WHOLESALER,SKU0042,"Lopinavir/Ritonavir 80/20mg/ml [Kaletra], oral solution, cool, Bottle 5 x 60 ml",Kaletra,300,2,46.9,23.45,0.08,ABBVIE (Abbott) Logis. UK,Weight Captured Separately,Freight Included in Commodity Cost,0.06
56716,Vietnam,PMO - US,Direct Drop,EXW,Air,10-Jul-15,10-Jul-15,ARV,Adult,HETERO LABS LIMITED,SKU0113,"Efavirenz/Lamivudine/Tenofovir Disoproxil Fumarate 600/300/300mg, tablets, 30 Tabs",Generic,30,6816,68160,10,0.33,Hetero Unit III Hyderabad IN,2541,5489.55,80.22
56734,South Africa,PMO - US,Direct Drop,DDP,Ocean,4-Jan-12,4-Jan-12,ARV,Adult,Aurobindo Pharma Limited,SKU0058,"Abacavir 300mg, tablets, 60 Tabs",Generic,60,23845,356005.85,14.93,0.25,"Aurobindo Unit III, India",2283,3649.67,587.41
56748,Uganda,PMO - US,Direct Drop,EXW,Air,10-Apr-13,10-Apr-13,ARV,Pediatric,MICRO LABS LIMITED,SKU0049,"Efavirenz 50mg, capsule, 30 Caps",Generic,30,56,112,2,0.07,"Micro labs, Verna, Goa, India",See ASN-18910 (ID#:50309),See ASN-18910 (ID#:50309),0.14
56772,Vietnam,PMO - US,Direct Drop,EXW,Air,9-Oct-12,9-Oct-12,ARV,Adult,MYLAN LABORATORIES LTD (FORMERLY MATRIX LABORATORIES),SKU0029,"Tenofovir Disoproxil Fumarate 300mg, tablets, 30 Tabs",Generic,30,41296,185419.04,4.49,0.15,Mylan (formerly Matrix) Nashik,See ASN-16123 (ID#:20371),See ASN-16123 (ID#:20371),259.96
56836,Vietnam,PMO - US,Direct Drop,EXW,Air,10-Jul-15,10-Jul-15,ARV,Adult,HETERO LABS LIMITED,SKU0007,"Nevirapine 200mg, tablets, 60 Tabs",Generic,60,6000,12960,2.16,0.04,Hetero Unit III Hyderabad IN,See ASN-32265 (ID#:56716),See ASN-32265 (ID#:56716),15.25
56837,Haiti,PMO - US,Direct Drop,EXW,Air,12-Mar-15,12-Mar-15,ARV,Adult,MYLAN LABORATORIES LTD (FORMERLY MATRIX LABORATORIES),SKU0119,"Atazanavir/Ritonavir 300/100mg, tablets, 30 Tabs",Generic,30,2000,39000,19.5,0.65,Mylan (formerly Matrix) Nashik,280,3029.18,40.09
56844,Zambia,PMO - US,Direct Drop,EXW,Air,17-Dec-10,16-Dec-10,HRDT,HIV test,"Orgenics, Ltd",SKU0002,"HIV 1/2, Determine Complete HIV Kit, 100 Tests",Determine,100,2041,163280,80,0.8,Inverness Japan,989,16654.29,352.03
56861,Haiti,PMO - US,Direct Drop,EXW,Air,13-Mar-13,13-Mar-13,HRDT,HIV test,"SHANGHAI KEHUA BIOENGINEERING CO.,LTD.  (KHB)",SKU0063,"HIV 1/2, SKB Colloidal Gold, Diagnostic Kit, Antibody, 50 Tests",Colloidal Gold,1,250,6125,24.5,24.5,"KHB Test Kit Facility, Shanghai China",164,2204.84,7.58
56864,Haiti,PMO - US,Direct Drop,CIP,Air,28-Mar-14,28-Mar-14,ARV,Adult,HETERO LABS LIMITED,SKU0104,"Lamivudine/Stavudine 150/30mg, tablets, 60 Tabs",Generic,60,288,717.12,2.49,0.04,Hetero Unit III Hyderabad IN,Weight Captured Separately,Freight Included in Commodity Cost,0.89
56870,South Africa,PMO - US,Direct Drop,DDP,Truck,19-Feb-15,19-Feb-15,ARV,Adult,PHARMACY DIRECT,SKU0007,"Nevirapine 200mg, tablets, 60 Tabs",Generic,60,3,53.24,17.75,0.3,"Aurobindo Unit III, India",Weight Captured Separately,Freight Included in Commodity Cost,0.05
56880,Nigeria,PMO - US,Direct Drop,EXW,Air,9-Jan-13,17-Jan-13,HRDT,HIV test,"Orgenics, Ltd",SKU0002,"HIV 1/2, Determine Complete HIV Kit, 100 Tests",Determine,100,2744,244216,89,0.89,"Alere Medical Co., Ltd.",1235,25577.2,342.39
56898,Sudan,PMO - US,Direct Drop,EXW,Air,3-Feb-12,3-Feb-12,HRDT,HIV test,"Orgenics, Ltd",SKU0002,"HIV 1/2, Determine Complete HIV Kit, 100 Tests",Determine,100,116,10324,89,0.89,"Alere Medical Co., Ltd.",45,1961.65,17.03
56899,Tanzania,PMO - US,Direct Drop,EXW,Air,17-Sep-13,16-Sep-13,HRDT,HIV test,"Standard Diagnostics, Inc.",SKU0002,"HIV 1/2, Determine Complete HIV Kit, 100 Tests",Determine,100,2330,0,0,0,"Alere Medical Co., Ltd.",965,16382.89,0
56902,South Africa,PMO - US,Direct Drop,DDP,Truck,28-Aug-14,28-Aug-14,ARV,Adult,PHARMACY DIRECT,SKU0069,"Didanosine 250mg, delayed-release capsules, 30 Caps",Generic,30,4,60.99,15.25,0.51,"Aurobindo Unit III, India",Weight Captured Separately,Freight Included in Commodity Cost,0.06
56906,Uganda,PMO - US,Direct Drop,EXW,Air,21-Nov-13,21-Nov-13,ARV,Adult,MYLAN LABORATORIES LTD (FORMERLY MATRIX LABORATORIES),SKU0159,"Atazanavir 300mg, capsules, 30 Caps",Generic,30,7035,105525,15,0.5,Mylan (formerly Matrix) Nashik,440,2242.71,130.53
56919,South Africa,PMO - US,Direct Drop,DDP,Truck,2-Jun-15,2-Jun-15,ARV,Adult,PHARMACY DIRECT,SKU0011,"Lamivudine/Zidovudine 150/300mg, tablets, 60 Tabs",Generic,60,14,300.08,21.43,0.36,"Aurobindo Unit III, India",Weight Captured Separately,Freight Included in Commodity Cost,0.31
56927,Nigeria,PMO - US,Direct Drop,EXW,Air,5-May-10,16-Jun-10,HRDT,HIV test,"Orgenics, Ltd",SKU0002,"HIV 1/2, Determine Complete HIV Kit, 100 Tests",Determine,100,2100,168000,80,0.8,Inverness Japan,1002,Freight Included in Commodity Cost,362.21
56932,Cameroon,PMO - US,Direct Drop,EXW,Air,10-Oct-13,10-Oct-13,HRDT,HIV test,HUMAN GMBH,SKU0173,"HIV 1/2, HEXAGON Rapid HIV Kit, 100 Tests",Hexagon,100,30,3347.4,111.58,1.12,Human Diagnostic,46,1003.18,4.14
56940,Uganda,PMO - US,Direct Drop,EXW,Air,30-Oct-13,30-Oct-13,ARV,Adult,CIPLA LIMITED,SKU0107,"Lamivudine/Tenofovir Disoproxil Fumarate 300/300mg, tablets, 30 Tabs",Generic,30,16716,76893.6,4.6,0.15,"Cipla, Kurkumbh, India",1874,7487.81,95.12
56950,South Africa,PMO - US,Direct Drop,DDP,Ocean,17-Mar-11,17-Mar-11,ARV,Pediatric,Aurobindo Pharma Limited,SKU0130,"Lamivudine 10mg/ml, oral solution w/syringe, Bottle, 240 ml",Generic,240,33476,70969.12,2.12,0.01,"Aurobindo Unit III, India",Weight Captured Separately,Freight Included in Commodity Cost,153.01
56957,Vietnam,PMO - US,Direct Drop,EXW,Air,23-Apr-14,23-Apr-14,ARV,Adult,HETERO LABS LIMITED,SKU0058,"Abacavir 300mg, tablets, 60 Tabs",Generic,60,564,6457.8,11.45,0.19,Hetero Unit III Hyderabad IN,See ASN-24394 (ID#:16053),See ASN-24394 (ID#:16053),7.99
64589,Uganda,PMO - US,Direct Drop,EXW,Air,8-May-13,8-May-13,ARV,Pediatric,MICRO LABS LIMITED,SKU0049,"Efavirenz 50mg, capsule, 30 Caps",Generic,30,252,504,2,0.07,"Micro labs, Verna, Goa, India",9,1026.15,0.62
56962,Mozambique,PMO - US,Direct Drop,EXW,Ocean,29-Feb-12,29-Feb-12,HRDT,HIV test,"Trinity Biotech, Plc",SKU0009,"HIV 1/2, Uni-Gold HIV Kit, 20 Tests",Uni-Gold,20,7400,236800,32,1.6,"Trinity Biotech, Plc",2471,33872.84,390.72
56996,Zimbabwe,PMO - US,Direct Drop,EXW,Air,20-May-10,31-May-10,HRDT,HIV test,"Orgenics, Ltd",SKU0002,"HIV 1/2, Determine Complete HIV Kit, 100 Tests",Determine,100,2450,176400,72,0.72,Inverness Japan,1183,21170.3,380.32
57016,Côte d'Ivoire,PMO - US,Direct Drop,EXW,Air,27-Feb-14,27-Feb-14,ARV,Pediatric,Aurobindo Pharma Limited,SKU0065,"Zidovudine 100mg, capsules, 100 Caps",Generic,100,400,1800,4.5,0.04,"Aurobindo Unit III, India",See ASN-24432 (ID#:40680),See ASN-24432 (ID#:40680),2.23
57055,Nigeria,PMO - US,Direct Drop,EXW,Air,18-Feb-14,18-Feb-14,HRDT,HIV test,"Orgenics, Ltd",SKU0002,"HIV 1/2, Determine Complete HIV Kit, 100 Tests",Determine,100,10798,961022,89,0.89,"Alere Medical Co., Ltd.",4388,66059.65,1188.78
57087,Uganda,PMO - US,Direct Drop,EXW,Air,28-Oct-14,28-Oct-14,ARV,Adult,MYLAN LABORATORIES LTD (FORMERLY MATRIX LABORATORIES),SKU0119,"Atazanavir/Ritonavir 300/100mg, tablets, 30 Tabs",Generic,30,3115,62300,20,0.67,Mylan (formerly Matrix) Nashik,420,2335.73,64.04
57117,South Africa,PMO - US,Direct Drop,DDP,Ocean,2-Sep-11,2-Sep-11,ARV,Adult,Aurobindo Pharma Limited,SKU0011,"Lamivudine/Zidovudine 150/300mg, tablets, 60 Tabs",Generic,60,25000,210500,8.42,0.14,"Aurobindo Unit III, India",2303,3790,347.32
57173,Côte d'Ivoire,PMO - US,Direct Drop,EXW,Air,21-Jan-10,21-Jan-10,HRDT,HIV test,"Orgenics, Ltd",SKU0017,"HIV 1/2, Determine HIV Kit, without Lancets, 100 Tests",Determine,100,3500,245000,70,0.7,Inverness Japan,794,12499.27,528.22
57218,Vietnam,PMO - US,Direct Drop,EXW,Air,19-Mar-10,19-Mar-10,ARV,Adult,Aurobindo Pharma Limited,SKU0011,"Lamivudine/Zidovudine 150/300mg, tablets, 60 Tabs",Generic,60,15204,130906.44,8.61,0.14,"Aurobindo Unit III, India",See ASN-6266 (ID#:15368),See ASN-6266 (ID#:15368),256.58
57257,South Africa,PMO - US,Direct Drop,DDP,Ocean,15-Dec-10,11-Feb-11,ARV,Adult,STRIDES ARCOLAB LIMITED,SKU0003,"Lamivudine 150mg, tablets, 60 Tabs",Generic,60,122743,303175.21,2.47,0.04,"Strides, Bangalore, India.",Weight Captured Separately,Freight Included in Commodity Cost,653.65
57266,Kenya,PMO - US,Direct Drop,EXW,Air,15-Oct-12,15-Oct-12,HRDT,HIV test,"Trinity Biotech, Plc",SKU0009,"HIV 1/2, Uni-Gold HIV Kit, 20 Tests",Uni-Gold,20,15000,480000,32,1.6,"Trinity Biotech, Plc",4956,36219.03,672.96
57308,South Africa,South Africa Field Office,Direct Drop,DDP,Truck,16-Apr-13,16-Apr-13,ARV,Adult,S. BUYS WHOLESALER,SKU0134,"Didanosine 400mg, delayed-release capsules, 30 Caps",Generic,30,251,4996.06,19.9,0.66,"Aurobindo Unit III, India",Weight Captured Separately,Freight Included in Commodity Cost,6.18
57339,South Africa,PMO - US,Direct Drop,DDP,Ocean,1-Dec-11,9-Jan-12,ARV,Adult,EMCURE PHARMACEUTICALS LTD,SKU0026,"Efavirenz 600mg, tablets, 30 Tabs",Generic,30,105813,454995.9,4.3,0.14,"Emcure Plot No.P-2, I.T-B.T. Park, Phase II, MIDC, Hinjwadi, Pune, India",8351,7292.26,750.74
57344,South Africa,PMO - US,Direct Drop,DDP,Truck,5-Nov-14,5-Nov-14,ARV,Pediatric,PHARMACY DIRECT,SKU0071,"Abacavir 20mg/ml, oral solution, Bottle, 240 ml",Generic,240,45,1102.97,24.51,0.1,"Aurobindo Unit III, India",Weight Captured Separately,Freight Included in Commodity Cost,1.13
57346,Cameroon,PMO - US,Direct Drop,EXW,Air,18-Nov-11,18-Nov-11,HRDT,HIV test,HUMAN GMBH,SKU0173,"HIV 1/2, HEXAGON Rapid HIV Kit, 100 Tests",Hexagon,100,20,2231.6,111.58,1.12,Human Diagnostic,30,549.16,3.68
57377,South Africa,PMO - US,Direct Drop,DDP,Truck,24-Aug-15,24-Aug-15,ARV,Adult,PHARMACY DIRECT,SKU0007,"Nevirapine 200mg, tablets, 60 Tabs",Generic,60,24,329.7,13.74,0.23,"Aurobindo Unit III, India",Weight Captured Separately,Freight Included in Commodity Cost,0.34
57379,Vietnam,PMO - US,Direct Drop,EXW,Air,23-Aug-10,23-Aug-10,ARV,Adult,Aurobindo Pharma Limited,SKU0011,"Lamivudine/Zidovudine 150/300mg, tablets, 60 Tabs",Generic,60,22008,189488.88,8.61,0.14,"Aurobindo Unit III, India",2148,12793.94,371.4
57392,Uganda,PMO - US,Direct Drop,EXW,Air,27-Jul-12,27-Jul-12,ARV,Adult,HETERO LABS LIMITED,SKU0007,"Nevirapine 200mg, tablets, 60 Tabs",Generic,60,40860,95612.4,2.34,0.04,Hetero Unit III Hyderabad IN,12945,48653.36,134.05
57394,Swaziland,PMO - US,Direct Drop,EXW,Air,19-Oct-12,19-Oct-12,HRDT,HIV test - Ancillary,"Orgenics, Ltd",SKU0136,"Chase Buffer, Determine, 100 Tests, 2.5ml x 1 Vial",Determine,1,220,1430,6.5,6.5,"Alere Medical Co., Ltd.",Weight Captured Separately,Invoiced Separately,2
57447,Vietnam,PMO - US,Direct Drop,EXW,Air,15-May-14,15-May-14,ARV,Adult,MYLAN LABORATORIES LTD (FORMERLY MATRIX LABORATORIES),SKU0054,"Lamivudine/Nevirapine/Zidovudine 150/200/300mg, tablets, 60 Tabs",Generic,60,4980,40338,8.1,0.13,Mylan (formerly Matrix) Nashik,695,1377.02,49.9
57449,Vietnam,PMO - US,Direct Drop,FCA,Air,15-Jan-15,15-Jan-15,ARV,Adult,ABBVIE LOGISTICS (FORMERLY ABBOTT LOGISTICS BV),SKU0008,"Lopinavir/Ritonavir 200/50mg [Aluvia], tablets, 120 Tabs",Aluvia,120,4400,267608,60.82,0.51,ABBVIE Ludwigshafen Germany,1073,1475.94,275.1
57493,Côte d'Ivoire,PMO - US,Direct Drop,CIP,Air,6-Jul-10,6-Jul-10,ARV,Pediatric,BRISTOL-MYERS SQUIBB,SKU0046,"Didanosine 50mg [Videx], chewable tablets, 60 Tabs",Videx,60,2000,19000,9.5,0.16,"BMS Meymac, France",391,830.05,40.96
57513,Angola,PMO - US,Direct Drop,EXW,Air,14-Apr-11,14-Apr-11,HRDT,HIV test,"Trinity Biotech, Plc",SKU0009,"HIV 1/2, Uni-Gold HIV Kit, 20 Tests",Uni-Gold,20,500,16000,32,1.6,"Trinity Biotech, Plc",260,9597.9,34.5
57537,South Africa,PMO - US,Direct Drop,DDP,Truck,27-Aug-14,27-Aug-14,ARV,Adult,S. BUYS WHOLESALER,SKU0026,"Efavirenz 600mg, tablets, 30 Tabs",Generic,30,203,3395.39,16.73,0.56,Hetero Unit III Hyderabad IN,Weight Captured Separately,Freight Included in Commodity Cost,4.2
57538,South Africa,PMO - US,Direct Drop,DDP,Ocean,3-Jun-11,3-Jun-11,ARV,Pediatric,Aurobindo Pharma Limited,SKU0049,"Efavirenz 50mg, capsule, 30 Caps",Generic,30,55000,131450,2.39,0.08,"Aurobindo Unit III, India",3099,7321.43,283.41
57540,"Congo, DRC",PMO - US,Direct Drop,EXW,Air,28-Nov-13,28-Nov-13,ARV,Pediatric,Aurobindo Pharma Limited,SKU0148,"Didanosine 200mg, delayed-release capsules, 30 Caps",Generic,30,75,825,11,0.37,"Aurobindo Unit III, India",See ASN-20218 (ID#:20450),See ASN-20218 (ID#:20450),1.02
57541,Mozambique,PMO - US,Direct Drop,FCA,Air,2-Nov-11,2-Nov-11,ARV,Adult,Hoffmann-La Roche ltd Basel,SKU0027,"Saquinavir 200mg [Invirase], capsules, 270 Caps",Invirase,270,461,47723.35,103.52,0.38,Roche Basel,238,2556.61,78.74
57582,Vietnam,PMO - US,Direct Drop,EXW,Air,27-Jul-15,27-Jul-15,ARV,Adult,MYLAN LABORATORIES LTD (FORMERLY MATRIX LABORATORIES),SKU0054,"Lamivudine/Nevirapine/Zidovudine 150/200/300mg, tablets, 60 Tabs",Generic,60,6437,52139.7,8.1,0.13,Mylan (formerly Matrix) Nashik,See ASN-32776 (ID#:40935),See ASN-32776 (ID#:40935),61.37
57590,Uganda,PMO - US,Direct Drop,EXW,Air,16-Nov-13,16-Nov-13,ARV,Adult,CIPLA LIMITED,SKU0107,"Lamivudine/Tenofovir Disoproxil Fumarate 300/300mg, tablets, 30 Tabs",Generic,30,40000,184000,4.6,0.15,"Cipla, Kurkumbh, India",4620,18550.93,227.61
57596,Swaziland,PMO - US,Direct Drop,EXW,Ocean,15-Dec-11,15-Dec-11,ARV,Adult,MYLAN LABORATORIES LTD (FORMERLY MATRIX LABORATORIES),SKU0113,"Efavirenz/Lamivudine/Tenofovir Disoproxil Fumarate 600/300/300mg, tablets, 30 Tabs",Generic,30,97300,1371930,14.1,0.47,Mylan (formerly Matrix) Nashik,11433,12323.93,2263.68
57637,Rwanda,PMO - US,Direct Drop,EXW,Air,23-Dec-10,23-Dec-10,HRDT,HIV test,"Standard Diagnostics, Inc.",SKU0086,"HIV 1/2, Bioline 3.0 Kit, (no accessories), 30 Tests",Bioline,30,1700,40800,24,0.8,"Standard Diagnostics, Korea",570,9054.08,87.96
57661,Sudan,PMO - US,Direct Drop,EXW,Air,1-Jul-11,1-Jul-11,HRDT,HIV test - Ancillary,"Orgenics, Ltd",SKU0084,"Capillary Tubes, for Determine, EDTA, 50uL,100 Pcs",Determine,100,33,396,12,0.12,Inverness Japan,3,1209.56,0.65
57701,South Sudan,PMO - US,Direct Drop,EXW,Air,27-Feb-14,27-Feb-14,HRDT,HIV test,"Orgenics, Ltd",SKU0002,"HIV 1/2, Determine Complete HIV Kit, 100 Tests",Determine,100,694,61766,89,0.89,"Alere Medical Co., Ltd.",285,4350.03,63.5
57727,Botswana,PMO - US,Direct Drop,EXW,Air,15-Jun-10,15-Jun-10,HRDT,HIV test,"Orgenics, Ltd",SKU0017,"HIV 1/2, Determine HIV Kit, without Lancets, 100 Tests",Determine,100,8,560,70,0.7,Inverness Japan,3,584.1,1.1
57733,Haiti,PMO - US,Direct Drop,EXW,Air,10-Jun-13,10-Jun-13,ARV,Adult,HETERO LABS LIMITED,SKU0104,"Lamivudine/Stavudine 150/30mg, tablets, 60 Tabs",Generic,60,336,836.64,2.49,0.04,Hetero Unit III Hyderabad IN,37,1845.9,1.03
57738,Cameroon,PMO - US,Direct Drop,EXW,Air,26-Sep-13,26-Sep-13,ARV,Adult,MYLAN LABORATORIES LTD (FORMERLY MATRIX LABORATORIES),SKU0113,"Efavirenz/Lamivudine/Tenofovir Disoproxil Fumarate 600/300/300mg, tablets, 30 Tabs",Generic,30,44407,495138.05,11.15,0.37,Mylan (formerly Matrix) Nashik,5016,43408.7,612.49
57747,Haiti,PMO - US,Direct Drop,EXW,Air,4-Oct-12,4-Oct-12,ARV,Pediatric,Aurobindo Pharma Limited,SKU0120,"Nevirapine 50mg, dispersible tablets (tablets for oral suspension), 30 Tabs",Generic,30,2891,3613.75,1.25,0.04,"Aurobindo Unit III, India",156,1887.58,5.07
57754,South Africa,PMO - US,Direct Drop,DDP,Truck,25-Jun-14,25-Jun-14,ARV,Adult,PHARMACY DIRECT,SKU0058,"Abacavir 300mg, tablets, 60 Tabs",Generic,60,45,3104.58,68.99,1.15,"Aurobindo Unit III, India",Weight Captured Separately,Freight Included in Commodity Cost,3.19
57779,Haiti,PMO - US,Direct Drop,EXW,Ocean,3-Jul-15,3-Jul-15,ARV,Adult,MYLAN LABORATORIES LTD (FORMERLY MATRIX LABORATORIES),SKU0054,"Lamivudine/Nevirapine/Zidovudine 150/200/300mg, tablets, 60 Tabs",Generic,60,60000,486000,8.1,0.13,Mylan (formerly Matrix) Nashik,See ASN-31820 (ID#:16098),See ASN-31820 (ID#:16098),499.61
57780,Mozambique,PMO - US,Direct Drop,CIP,Air,29-Oct-09,29-Oct-09,ARV,Adult,GLAXOSMITHKLINE EXPORT LIMITED,SKU0078,"Abacavir/Lamivudine/Zidovudine 300/150/300mg [Trizivir], tablets, 60 Tabs",Trizivir,60,1676,90017.96,53.71,0.9,GSK Ware (UK),249,Freight Included in Commodity Cost,176.44
57812,Vietnam,PMO - US,Direct Drop,EXW,Air,10-Jul-15,10-Jul-15,ARV,Adult,HETERO LABS LIMITED,SKU0113,"Efavirenz/Lamivudine/Tenofovir Disoproxil Fumarate 600/300/300mg, tablets, 30 Tabs",Generic,30,1144,11440,10,0.33,Hetero Unit III Hyderabad IN,See ASN-32270 (ID#:35968),See ASN-32270 (ID#:35968),13.46
57819,Vietnam,PMO - US,Direct Drop,EXW,Air,13-Aug-14,13-Aug-14,ARV,Adult,HETERO LABS LIMITED,SKU0026,"Efavirenz 600mg, tablets, 30 Tabs",Generic,30,12700,44450,3.5,0.12,Hetero Unit III Hyderabad IN,See ASN-26927 (ID#:26612),See ASN-26927 (ID#:26612),45.69
57826,Vietnam,PMO - US,Direct Drop,EXW,Air,13-Jul-15,13-Jul-15,ARV,Adult,HETERO LABS LIMITED,SKU0026,"Efavirenz 600mg, tablets, 30 Tabs",Generic,30,8000,28000,3.5,0.12,Hetero Unit III Hyderabad IN,See ASN-32262 (ID#:41943),See ASN-32262 (ID#:41943),32.96
57849,Tanzania,PMO - US,Direct Drop,EXW,Air,24-Dec-09,24-Dec-09,HRDT,HIV test,"Standard Diagnostics, Inc.",SKU0086,"HIV 1/2, Bioline 3.0 Kit, (no accessories), 30 Tests",Bioline,30,4950,118800,24,0.8,"Standard Diagnostics, Korea",1650,11737.26,232.85
57852,South Africa,PMO - US,Direct Drop,DDP,Truck,29-Aug-14,29-Aug-14,ARV,Adult,S. BUYS WHOLESALER,SKU0058,"Abacavir 300mg, tablets, 60 Tabs",Generic,60,88,6697.54,76.11,1.27,"Aurobindo Unit III, India",Weight Captured Separately,Freight Included in Commodity Cost,8.28
57862,South Africa,PMO - US,Direct Drop,DDP,Truck,5-Nov-14,5-Nov-14,ARV,Pediatric,PHARMACY DIRECT,SKU0066,"Efavirenz 200mg, capsule, 90 Caps",Generic,90,46,1085.01,23.59,0.26,"Aurobindo Unit III, India",Weight Captured Separately,Freight Included in Commodity Cost,1.12
57866,Uganda,PMO - US,Direct Drop,EXW,Air,21-Nov-13,21-Nov-13,ARV,Adult,MYLAN LABORATORIES LTD (FORMERLY MATRIX LABORATORIES),SKU0159,"Atazanavir 300mg, capsules, 30 Caps",Generic,30,1946,29190,15,0.5,Mylan (formerly Matrix) Nashik,122,1249.78,36.11
57876,South Africa,PMO - US,Direct Drop,DDP,Truck,29-Oct-09,29-Oct-09,ARV,Adult,S. BUYS WHOLESALER,SKU0003,"Lamivudine 150mg, tablets, 60 Tabs",Generic,60,8146,79058.92,9.71,0.16,"Aurobindo Unit III, India",Weight Captured Separately,Freight Included in Commodity Cost,154.96
57886,South Africa,PMO - US,Direct Drop,DDP,Truck,7-Feb-14,7-Feb-14,ARV,Adult,S. BUYS WHOLESALER,SKU0058,"Abacavir 300mg, tablets, 60 Tabs",Generic,60,72,5479.8,76.11,1.27,"Aurobindo Unit III, India",Weight Captured Separately,Freight Included in Commodity Cost,6.78
57902,Côte d'Ivoire,PMO - US,Direct Drop,CIP,Air,15-Jan-10,15-Jan-10,ARV,Pediatric,BRISTOL-MYERS SQUIBB,SKU0046,"Didanosine 50mg [Videx], chewable tablets, 60 Tabs",Videx,60,386,3667,9.5,0.16,"BMS Meymac, France",78,570.75,7.19
57905,South Africa,PMO - US,Direct Drop,DDP,Truck,2-Jun-15,2-Jun-15,ARV,Adult,PHARMACY DIRECT,SKU0134,"Didanosine 400mg, delayed-release capsules, 30 Caps",Generic,30,6,85.31,14.22,0.47,"Aurobindo Unit III, India",Weight Captured Separately,Freight Included in Commodity Cost,0.09
57909,South Africa,PMO - US,Direct Drop,DDP,Truck,19-Feb-15,19-Feb-15,ARV,Adult,PHARMACY DIRECT,SKU0026,"Efavirenz 600mg, tablets, 30 Tabs",Generic,30,3,46.79,15.6,0.52,"Aurobindo Unit III, India",Weight Captured Separately,Freight Included in Commodity Cost,0.05
57928,Zambia,PMO - US,Direct Drop,EXW,Air,18-Mar-10,18-Mar-10,HRDT,HIV test,"Orgenics, Ltd",SKU0002,"HIV 1/2, Determine Complete HIV Kit, 100 Tests",Determine,100,2100,151200,72,0.72,Inverness Japan,1016,16061.5,325.99
57959,Côte d'Ivoire,PMO - US,Direct Drop,EXW,Air,21-Jul-15,21-Jul-15,HRDT,HIV test,"Orgenics, Ltd",SKU0002,"HIV 1/2, Determine Complete HIV Kit, 100 Tests",Determine,100,7000,560000,80,0.8,"Alere Medical Co., Ltd.",2836,Freight Included in Commodity Cost,659.12
57977,Haiti,PMO - US,Direct Drop,EXW,Ocean,7-Aug-13,7-Aug-13,ARV,Pediatric,Aurobindo Pharma Limited,SKU0145,"Abacavir 20mg/ml, oral solution w/syringe, Bottle, 240 ml",Generic,240,675,4610.25,6.83,0.03,"Aurobindo Unit III, India",See ASN-18919 (ID#:14578),See ASN-18919 (ID#:14578),5.7
57997,Tanzania,PMO - US,Direct Drop,EXW,Air,25-Jun-13,25-Jun-13,HRDT,HIV test,"Orgenics, Ltd",SKU0002,"HIV 1/2, Determine Complete HIV Kit, 100 Tests",Determine,100,610,48800,80,0.8,"Alere Medical Co., Ltd.",268,5187.9,60.37
58025,Dominican Republic,PMO - US,Direct Drop,DDU,Air,30-Nov-10,30-Nov-10,ARV,Pediatric,IDIS LIMITED,SKU0144,"Atazanavir 150mg [Reyataz], capsules, 60 Caps",Reyataz,60,204,61512.12,301.53,5.03,"BMS Evansville, US",Weight Captured Separately,Freight Included in Commodity Cost,132.62
58039,Vietnam,PMO - US,Direct Drop,EXW,Air,16-May-12,16-May-12,ARV,Pediatric,MYLAN LABORATORIES LTD (FORMERLY MATRIX LABORATORIES),SKU0140,"Lamivudine/Nevirapine/Zidovudine 30/50/60mg, dispersible tablets, 60 Tabs",Generic,60,1123,4660.45,4.15,0.07,Mylan (formerly Matrix) Nashik,See ASN-14517 (ID#:44737),See ASN-14517 (ID#:44737),6.53
58064,Vietnam,PMO - US,Direct Drop,FCA,Air,23-Nov-11,23-Nov-11,ARV,Adult,ABBVIE LOGISTICS (FORMERLY ABBOTT LOGISTICS BV),SKU0008,"Lopinavir/Ritonavir 200/50mg [Aluvia], tablets, 120 Tabs",Aluvia,120,1435,117957,82.2,0.68,ABBVIE Ludwigshafen Germany,355,5101.21,194.63
58111,South Africa,PMO - US,Direct Drop,DDP,Ocean,6-Jan-11,6-Jan-11,ARV,Pediatric,Aurobindo Pharma Limited,SKU0126,"Nevirapine 10mg/ml, oral suspension w/syringe, Bottle, 240 ml",Generic,240,10702,22688.24,2.12,0.01,"Aurobindo Unit III, India",3967,8169.7,48.92
58134,Nigeria,PMO - US,Direct Drop,EXW,Air,7-Nov-13,11-Nov-13,HRDT,HIV test,"Orgenics, Ltd",SKU0002,"HIV 1/2, Determine Complete HIV Kit, 100 Tests",Determine,100,3050,271450,89,0.89,"Alere Medical Co., Ltd.",1238,22872.42,335.78
58173,South Africa,PMO - US,Direct Drop,DDP,Truck,24-Jul-15,24-Jul-15,ARV,Adult,PHARMACY DIRECT,SKU0026,"Efavirenz 600mg, tablets, 30 Tabs",Generic,30,47,568.37,12.09,0.4,"Aurobindo Unit III, India",Weight Captured Separately,Freight Included in Commodity Cost,0.58
58192,South Africa,PMO - US,Direct Drop,DDP,Ocean,5-Apr-11,5-Apr-11,ARV,Adult,STRIDES ARCOLAB LIMITED,SKU0007,"Nevirapine 200mg, tablets, 60 Tabs",Generic,60,172428,494868.36,2.87,0.05,"Strides, Bangalore, India.",10859,17278.96,1066.94
58197,Nigeria,PMO - US,Direct Drop,EXW,Air,7-Nov-13,11-Nov-13,HRDT,HIV test,"Orgenics, Ltd",SKU0002,"HIV 1/2, Determine Complete HIV Kit, 100 Tests",Determine,100,2949,262461,89,0.89,"Alere Medical Co., Ltd.",1192,19458.84,324.66
58202,Vietnam,PMO - US,Direct Drop,EXW,Air,1-Jun-15,1-Jun-15,ARV,Adult,MYLAN LABORATORIES LTD (FORMERLY MATRIX LABORATORIES),SKU0113,"Efavirenz/Lamivudine/Tenofovir Disoproxil Fumarate 600/300/300mg, tablets, 30 Tabs",Generic,30,21384,217047.6,10.15,0.34,Mylan (formerly Matrix) Nashik,2406,4872.65,223.12
58211,Côte d'Ivoire,PMO - US,Direct Drop,EXW,Air,19-Feb-10,19-Feb-10,HRDT,HIV test,"Orgenics, Ltd",SKU0017,"HIV 1/2, Determine HIV Kit, without Lancets, 100 Tests",Determine,100,3500,245000,70,0.7,Inverness Japan,794,12619.38,528.22
58252,South Sudan,PMO - US,Direct Drop,EXW,Air,20-Sep-12,20-Sep-12,HRDT,HIV test - Ancillary,"Orgenics, Ltd",SKU0084,"Capillary Tubes, for Determine, EDTA, 50uL,100 Pcs",Determine,100,326,2608,8,0.08,"Alere Medical Co., Ltd.",See ASN-15985 (ID#:30320),See ASN-15985 (ID#:30320),3.66
58264,Vietnam,PMO - US,Direct Drop,EXW,Air,30-Sep-09,30-Sep-09,ARV,Adult,MYLAN LABORATORIES LTD (FORMERLY MATRIX LABORATORIES),SKU0029,"Tenofovir Disoproxil Fumarate 300mg, tablets, 30 Tabs",Generic,30,2520,20790,8.25,0.28,Mylan (formerly Matrix) Nashik,See ASN-4872 (ID#:13652),See ASN-4872 (ID#:13652),40.75
58277,Côte d'Ivoire,PMO - US,Direct Drop,EXW,Air,27-Aug-10,27-Aug-10,HRDT,HIV test,"Standard Diagnostics, Inc.",SKU0086,"HIV 1/2, Bioline 3.0 Kit, (no accessories), 30 Tests",Bioline,30,1456,34944,24,0.8,"Standard Diagnostics, Korea",486,5074.33,75.34
58305,Tanzania,PMO - US,Direct Drop,EXW,Air,2-Jan-13,2-Jan-13,HRDT,HIV test,"Trinity Biotech, Plc",SKU0009,"HIV 1/2, Uni-Gold HIV Kit, 20 Tests",Uni-Gold,20,383,12256,32,1.6,"Trinity Biotech, Plc",125,1908.34,15.16
58309,Burundi,PMO - US,Direct Drop,EXW,Air,26-Jun-14,26-Jun-14,HRDT,HIV test,"CHEMBIO DIAGNOSTIC SYSTEMS, INC.",SKU0111,"HIV 1/2, Stat-Pak Dipstick Assay Kit, 30 Tests",Stat-Pak,30,539,14876.4,27.6,0.92,Chembio Diagnostics Sys. Inc.,58,871.28,15.29
58311,Côte d'Ivoire,PMO - US,Direct Drop,FCA,Air,24-Apr-13,24-Apr-13,ARV,Pediatric,ABBVIE LOGISTICS (FORMERLY ABBOTT LOGISTICS BV),SKU0042,"Lopinavir/Ritonavir 80/20mg/ml [Kaletra], oral solution, cool, Bottle 5 x 60 ml",Kaletra,300,520,16026.4,30.82,0.1,ABBVIE (Abbott) Logis. UK,242,5257.72,19.82
58372,Côte d'Ivoire,PMO - US,Direct Drop,EXW,Air,3-Jan-14,3-Jan-14,ARV,Pediatric,Aurobindo Pharma Limited,SKU0120,"Nevirapine 50mg, dispersible tablets (tablets for oral suspension), 30 Tabs",Generic,30,7000,8750,1.25,0.04,"Aurobindo Unit III, India",482,5678.33,10.82
58393,Liberia,PMO - US,Direct Drop,EXW,Air,15-Aug-11,15-Aug-11,HRDT,HIV test,"Standard Diagnostics, Inc.",SKU0019,"HIV 1/2, Bioline 3.0 Kit, Lancets, Capillary pipets, Alcohol swabs included, 25 Tests",Bioline,25,100,2000,20,0.8,"Standard Diagnostics, Korea",34,871.3,3.3
58398,Tanzania,PMO - US,Direct Drop,EXW,Air,29-Sep-11,29-Sep-11,HRDT,HIV test,"Standard Diagnostics, Inc.",SKU0019,"HIV 1/2, Bioline 3.0 Kit, Lancets, Capillary pipets, Alcohol swabs included, 25 Tests",Bioline,25,8000,160000,20,0.8,"Standard Diagnostics, Korea",2667,17773.94,264
58425,South Africa,PMO - US,Direct Drop,DDP,Truck,19-Nov-09,19-Nov-09,ARV,Pediatric,S. BUYS WHOLESALER,SKU0087,"Abacavir 20mg/ml [Ziagen], oral solution, Bottle, 240 ml",Ziagen,240,1,19.97,19.97,0.08,GSK Mississauga (Canada),Weight Captured Separately,Freight Included in Commodity Cost,0.04
58426,Sierra Leone,PMO - US,Direct Drop,EXW,Air,11-May-15,11-May-15,HRDT,HIV test,"Orgenics, Ltd",SKU0002,"HIV 1/2, Determine Complete HIV Kit, 100 Tests",Determine,100,4000,320000,80,0.8,"Alere Medical Co., Ltd.",1556,28703.53,376.64
58440,South Africa,PMO - US,Direct Drop,DDP,Truck,19-Feb-15,19-Feb-15,ARV,Pediatric,PHARMACY DIRECT,SKU0049,"Efavirenz 50mg, capsule, 30 Caps",Generic,30,3,8.99,3,0.1,"Aurobindo Unit III, India",Weight Captured Separately,Freight Included in Commodity Cost,0.01
58450,South Africa,PMO - US,Direct Drop,DDP,Truck,24-Jul-15,24-Jul-15,ARV,Adult,PHARMACY DIRECT,SKU0129,"Raltegravir 400mg [Isentress], tablets, 60 Tabs",Isentress,60,6,394.51,65.75,1.1,"MSD, Haarlem, NL",Weight Captured Separately,Freight Included in Commodity Cost,0.41
58482,South Africa,PMO - US,Direct Drop,DDP,Truck,29-Aug-14,29-Aug-14,ARV,Adult,S. BUYS WHOLESALER,SKU0044,"Lamivudine/Nevirapine/Stavudine 150/200/30mg, tablets, 60 Tabs",Generic,60,7,211.71,30.24,0.5,"Cipla, Goa, India",Weight Captured Separately,Freight Included in Commodity Cost,0.26
58484,Cameroon,PMO - US,Direct Drop,EXW,Air,8-Jan-14,8-Jan-14,ARV,Adult,Aurobindo Pharma Limited,SKU0113,"Efavirenz/Lamivudine/Tenofovir Disoproxil Fumarate 600/300/300mg, tablets, 30 Tabs",Generic,30,37470,417790.5,11.15,0.37,"Aurobindo Unit VII, IN",4927,65875.32,516.81
58485,South Africa,PMO - US,Direct Drop,DDP,Truck,29-Dec-09,29-Dec-09,ARV,Adult,S. BUYS WHOLESALER,SKU0056,"Ritonavir 100mg [Norvir], capsules, cool, 84 Caps",Norvir,84,15,161.34,10.76,0.13,ABBVIE (Abbott) Logis. UK,Weight Captured Separately,Freight Included in Commodity Cost,0.35
58491,"Congo, DRC",PMO - US,Direct Drop,EXW,Air,3-Apr-15,3-Apr-15,ANTM,Malaria,AMSTELFARMA B.V.,SKU0088,"Sulfadoxine/Pyrimethamine 500/25mg, tablets, 1000 Tabs",Generic,1000,580,19198,33.1,0.03,"Micro Labs, Hosur, India",500,3958.28,22.6
58850,South Africa,PMO - US,Direct Drop,DDP,Truck,24-Aug-15,24-Aug-15,ARV,Adult,PHARMACY DIRECT,SKU0003,"Lamivudine 150mg, tablets, 60 Tabs",Generic,60,123,867.36,7.05,0.12,"Aurobindo Unit III, India",Weight Captured Separately,Freight Included in Commodity Cost,0.89
58494,Uganda,PMO - US,Direct Drop,EXW,Air,21-Jan-13,21-Jan-13,ARV,Adult,MYLAN LABORATORIES LTD (FORMERLY MATRIX LABORATORIES),SKU0119,"Atazanavir/Ritonavir 300/100mg, tablets, 30 Tabs",Generic,30,1455,32737.5,22.5,0.75,Mylan (formerly Matrix) Nashik,See ASN-17750 (ID#:36539),See ASN-17750 (ID#:36539),40.5
58504,South Africa,PMO - US,Direct Drop,DDP,Truck,24-Jul-15,24-Jul-15,ARV,Adult,PHARMACY DIRECT,SKU0134,"Didanosine 400mg, delayed-release capsules, 30 Caps",Generic,30,5,71.09,14.22,0.47,"Aurobindo Unit III, India",Weight Captured Separately,Freight Included in Commodity Cost,0.07
58508,Vietnam,PMO - US,Direct Drop,EXW,Air,24-Apr-12,24-Apr-12,ARV,Adult,MYLAN LABORATORIES LTD (FORMERLY MATRIX LABORATORIES),SKU0029,"Tenofovir Disoproxil Fumarate 300mg, tablets, 30 Tabs",Generic,30,16354,89947,5.5,0.18,Mylan (formerly Matrix) Nashik,See ASN-14319 (ID#:19512),See ASN-14319 (ID#:19512),148.41
58555,Vietnam,PMO - US,Direct Drop,EXW,Air,20-Dec-11,20-Dec-11,ARV,Adult,STRIDES ARCOLAB LIMITED,SKU0003,"Lamivudine 150mg, tablets, 60 Tabs",Generic,60,16645,39115.75,2.35,0.04,"Strides, Bangalore, India.",742,5440.01,64.54
58556,South Africa,PMO - US,Direct Drop,DDP,Ocean,26-Apr-11,26-Apr-11,ARV,Adult,Aurobindo Pharma Limited,SKU0026,"Efavirenz 600mg, tablets, 30 Tabs",Generic,30,70942,321367.26,4.53,0.15,"Aurobindo Unit III, India",6090,11203.81,692.87
58642,Sudan,PMO - US,Direct Drop,EXW,Air,7-Feb-12,7-Feb-12,HRDT,HIV test,"Trinity Biotech, Plc",SKU0009,"HIV 1/2, Uni-Gold HIV Kit, 20 Tests",Uni-Gold,20,58,1856,32,1.6,"Trinity Biotech, Plc",20,644.02,3.06
58652,Haiti,PMO - US,Direct Drop,EXW,Air,6-Apr-11,6-Apr-11,HRDT,HIV test,"Orgenics, Ltd",SKU0017,"HIV 1/2, Determine HIV Kit, without Lancets, 100 Tests",Determine,100,33,3223.44,97.68,0.98,Inverness Japan,8,1011.6,5.32
58677,"Congo, DRC",PMO - US,Direct Drop,EXW,Air,5-Sep-14,5-Sep-14,HRDT,HIV test,"Trinity Biotech, Plc",SKU0009,"HIV 1/2, Uni-Gold HIV Kit, 20 Tests",Uni-Gold,20,7,224,32,1.6,"Trinity Biotech, Plc",See ASN-26738 (ID#:15115),See ASN-26738 (ID#:15115),0.23
58713,South Africa,PMO - US,Direct Drop,DDP,Truck,24-Jul-15,24-Jul-15,ARV,Adult,PHARMACY DIRECT,SKU0115,"Etravirine 100mg [Intelence], tablets, 120 Tabs",Intelence,120,4,110.05,27.51,0.23,"Janssen-Cilag, Latina, IT",Weight Captured Separately,Freight Included in Commodity Cost,0.11
58716,Uganda,PMO - US,Direct Drop,DDP,Air,21-Jun-12,21-Jun-12,ARV,Adult,ASPEN PHARMACARE,SKU0139,"Darunavir 300mg [Prezista], tablets, 120 Tabs",Prezista,120,173,11521.8,66.6,0.55,"Aspen-OSD, Port Elizabeth, SA",35,251.52,16.15
58731,South Africa,PMO - US,Direct Drop,DDP,Truck,29-Aug-14,29-Aug-14,ARV,Pediatric,S. BUYS WHOLESALER,SKU0049,"Efavirenz 50mg, capsule, 30 Caps",Generic,30,94,311.73,3.32,0.11,"Aurobindo Unit III, India",Weight Captured Separately,Freight Included in Commodity Cost,0.39
58744,Vietnam,PMO - US,Direct Drop,EXW,Air,7-Sep-15,7-Sep-15,ARV,Adult,HETERO LABS LIMITED,SKU0113,"Efavirenz/Lamivudine/Tenofovir Disoproxil Fumarate 600/300/300mg, tablets, 30 Tabs",Generic,30,17760,168720,9.5,0.32,Hetero Unit III Hyderabad IN,Weight Captured Separately,Invoiced Separately,198.58
58754,South Sudan,PMO - US,Direct Drop,EXW,Air,30-Nov-12,30-Nov-12,HRDT,HIV test,"Orgenics, Ltd",SKU0002,"HIV 1/2, Determine Complete HIV Kit, 100 Tests",Determine,100,395,35155,89,0.89,"Alere Medical Co., Ltd.",See ASN-16730 (ID#:27586),See ASN-16730 (ID#:27586),49.29
58761,South Africa,PMO - US,Direct Drop,DDP,Truck,13-Jan-14,13-Jan-14,ARV,Pediatric,S. BUYS WHOLESALER,SKU0066,"Efavirenz 200mg, capsule, 90 Caps",Generic,90,190,4438.36,23.36,0.26,"Aurobindo Unit III, India",Weight Captured Separately,Freight Included in Commodity Cost,4.56
58774,Vietnam,PMO - US,Direct Drop,EXW,Air,22-Jun-11,22-Jun-11,ARV,Adult,MYLAN LABORATORIES LTD (FORMERLY MATRIX LABORATORIES),SKU0007,"Nevirapine 200mg, tablets, 60 Tabs",Generic,60,13444,34954.4,2.6,0.04,Mylan (formerly Matrix) Nashik,See ASN-11024 (ID#:15149),See ASN-11024 (ID#:15149),57.67
58800,South Africa,PMO - US,Direct Drop,DDP,Truck,29-Aug-14,29-Aug-14,ARV,Adult,S. BUYS WHOLESALER,SKU0069,"Didanosine 250mg, delayed-release capsules, 30 Caps",Generic,30,6,100.91,16.82,0.56,"Aurobindo Unit III, India",Weight Captured Separately,Freight Included in Commodity Cost,0.12
58801,Côte d'Ivoire,PMO - US,Direct Drop,EXW,Air,22-Apr-11,22-Apr-11,ARV,Adult,MYLAN LABORATORIES LTD (FORMERLY MATRIX LABORATORIES),SKU0125,"Abacavir/Lamivudine/Zidovudine 300/150/300mg, tablets, 60 Tabs",Generic,60,3136,94080,30,0.5,Mylan (formerly Matrix) Nashik,492,5150.82,202.84
58806,South Africa,PMO - US,Direct Drop,DDP,Truck,7-Oct-09,7-Oct-09,ARV,Adult,S. BUYS WHOLESALER,SKU0026,"Efavirenz 600mg, tablets, 30 Tabs",Generic,30,1440,27430.13,19.05,0.64,"Cipla, Goa, India",Weight Captured Separately,Freight Included in Commodity Cost,53.76
58852,South Africa,PMO - US,Direct Drop,DDP,Truck,1-Apr-10,1-Apr-10,ARV,Adult,S. BUYS WHOLESALER,SKU0033,"Abacavir 300mg [Ziagen], tablets, Blister 6 x 10 Tabs",Ziagen,60,30,1237.01,41.23,0.69,GSK Ware (UK),Weight Captured Separately,Freight Included in Commodity Cost,2.67
58918,South Africa,PMO - US,Direct Drop,DDP,Truck,24-Aug-09,24-Aug-09,ARV,Adult,S. BUYS WHOLESALER,SKU0061,"Lamivudine 150mg [Epivir], tablets, 60 Tabs",Epivir,60,3000,19702.5,6.57,0.11,GSK Cape Town Factory (South Africa),Weight Captured Separately,Freight Included in Commodity Cost,38.62
58947,Zimbabwe,PMO - US,Direct Drop,EXW,Air Charter,17-Sep-14,17-Sep-14,ARV,Adult,HETERO LABS LIMITED,SKU0107,"Lamivudine/Tenofovir Disoproxil Fumarate 300/300mg, tablets, 30 Tabs",Generic,30,42032,194187.84,4.62,0.15,Hetero Unit III Hyderabad IN,4559,25272.8,199.63
58958,Tanzania,PMO - US,Direct Drop,FCA,Air,16-Jan-13,16-Jan-13,ARV,Pediatric,ABBVIE LOGISTICS (FORMERLY ABBOTT LOGISTICS BV),SKU0042,"Lopinavir/Ritonavir 80/20mg/ml [Kaletra], oral solution, cool, Bottle 5 x 60 ml",Kaletra,300,68,2095.76,30.82,0.1,ABBVIE (Abbott) Logis. UK,116,1818.56,2.94
59017,Botswana,PMO - US,Direct Drop,EXW,Air,4-Feb-11,4-Feb-11,HRDT,HIV test,Premier Medical Corporation Ltd.,SKU0013,"HIV 1/2/O, First Response HIV 1-2.0, v.3.0 Cards Kit, 30 Tests",First Response,30,34,765,22.5,0.75,Premier Med. Corp Ltd. India,13,766.62,1.26
59043,"Congo, DRC",PMO - US,Direct Drop,EXW,Air,4-Nov-14,4-Nov-14,HRDT,HIV test,"Trinity Biotech, Plc",SKU0009,"HIV 1/2, Uni-Gold HIV Kit, 20 Tests",Uni-Gold,20,15,480,32,1.6,"Trinity Biotech, Plc",See ASN-28279 (ID#:13547),See ASN-28279 (ID#:13547),0.49
59046,South Africa,PMO - US,Direct Drop,DDP,Ocean,29-Mar-11,29-Mar-11,ARV,Pediatric,Aurobindo Pharma Limited,SKU0130,"Lamivudine 10mg/ml, oral solution w/syringe, Bottle, 240 ml",Generic,240,45000,95400,2.12,0.01,"Aurobindo Unit III, India",16260,17060.14,205.68
59047,Haiti,PMO - US,Direct Drop,EXW,Ocean,30-Oct-14,30-Oct-14,ARV,Adult,HETERO LABS LIMITED,SKU0113,"Efavirenz/Lamivudine/Tenofovir Disoproxil Fumarate 600/300/300mg, tablets, 30 Tabs",Generic,30,92500,971250,10.5,0.35,Hetero Unit III Hyderabad IN,See ASN-27525 (ID#:38099),See ASN-27525 (ID#:38099),998.44
59074,South Africa,PMO - US,Direct Drop,DDP,Truck,5-Aug-14,5-Aug-14,ARV,Adult,PHARMACY DIRECT,SKU0029,"Tenofovir Disoproxil Fumarate 300mg, tablets, 30 Tabs",Generic,30,73,1319.03,18.07,0.6,Mylan (formerly Matrix) Nashik,Weight Captured Separately,Freight Included in Commodity Cost,1.36
59080,Zambia,PMO - US,Direct Drop,EXW,Air,20-Jul-14,20-Jul-14,ARV,Adult,Aurobindo Pharma Limited,SKU0007,"Nevirapine 200mg, tablets, 60 Tabs",Generic,60,39132,88047,2.25,0.04,"Aurobindo Unit III, India",3978,20519.07,90.51
59151,South Africa,PMO - US,Direct Drop,DDP,Ocean,15-Dec-10,15-Dec-10,ARV,Adult,STRIDES ARCOLAB LIMITED,SKU0003,"Lamivudine 150mg, tablets, 60 Tabs",Generic,60,131138,323910.86,2.47,0.04,"Strides, Bangalore, India.",6360,12225.76,698.35
59153,Vietnam,PMO - US,Direct Drop,FCA,Air,31-Jul-10,31-Jul-10,ARV,Adult,ABBVIE LOGISTICS (FORMERLY ABBOTT LOGISTICS BV),SKU0008,"Lopinavir/Ritonavir 200/50mg [Aluvia], tablets, 120 Tabs",Aluvia,120,3470,285234,82.2,0.68,ABBVIE Ludwigshafen Germany,862,5215.07,614.96
59157,Zambia,PMO - US,Direct Drop,EXW,Air,2-Dec-13,2-Dec-13,HRDT,HIV test,"Trinity Biotech, Plc",SKU0009,"HIV 1/2, Uni-Gold HIV Kit, 20 Tests",Uni-Gold,20,2900,92800,32,1.6,"Trinity Biotech, Plc",266,8308.74,114.79
59189,Vietnam,PMO - US,Direct Drop,EXW,Air,7-Jun-14,7-Jun-14,ARV,Adult,EMCURE PHARMACEUTICALS LTD,SKU0007,"Nevirapine 200mg, tablets, 60 Tabs",Generic,60,7063,16244.9,2.3,0.04,"Emcure Plot No.P-2, I.T-B.T. Park, Phase II, MIDC, Hinjwadi, Pune, India",412,1769.68,20.09
59244,Haiti,PMO - US,Direct Drop,EXW,Air,14-Jul-14,14-Jul-14,ARV,Pediatric,Aurobindo Pharma Limited,SKU0120,"Nevirapine 50mg, dispersible tablets (tablets for oral suspension), 30 Tabs",Generic,30,400,500,1.25,0.04,"Aurobindo Unit III, India",See ASN-26454 (ID#:15994),See ASN-26454 (ID#:15994),0.51
59258,Nigeria,PMO - US,Direct Drop,EXW,Air,14-Jul-15,9-Jul-15,HRDT,HIV test,"Orgenics, Ltd",SKU0002,"HIV 1/2, Determine Complete HIV Kit, 100 Tests",Determine,100,6523,580547,89,0.89,"Alere Medical Co., Ltd.",6523,Freight Included in Commodity Cost,683.3
59267,Vietnam,PMO - US,Direct Drop,EXW,Air,5-Jul-13,5-Jul-13,ARV,Adult,HETERO LABS LIMITED,SKU0011,"Lamivudine/Zidovudine 150/300mg, tablets, 60 Tabs",Generic,60,33405,228824.25,6.85,0.11,Hetero Unit III Hyderabad IN,3751,10867.28,283.06
59314,South Africa,PMO - US,Direct Drop,DDP,Truck,12-Feb-15,12-Feb-15,ARV,Adult,PHARMACY DIRECT,SKU0069,"Didanosine 250mg, delayed-release capsules, 30 Caps",Generic,30,6,66.1,11.02,0.37,"Aurobindo Unit III, India",Weight Captured Separately,Freight Included in Commodity Cost,0.07
59334,South Africa,PMO - US,Direct Drop,DDP,Air,20-Sep-10,15-Dec-10,ARV,Adult,Aurobindo Pharma Limited,SKU0014,"Zidovudine 300mg, tablets, 60 Tabs",Generic,60,2098,15588.14,7.43,0.12,"Aurobindo Unit III, India",124,1697.89,33.61
59404,Mozambique,PMO - US,Direct Drop,EXW,Air,19-Nov-13,19-Nov-13,HRDT,HIV test,"Trinity Biotech, Plc",SKU0009,"HIV 1/2, Uni-Gold HIV Kit, 20 Tests",Uni-Gold,20,675,21600,32,1.6,"Trinity Biotech, Plc",202,2908.88,26.72
59429,Zimbabwe,PMO - US,Direct Drop,EXW,Air,4-Apr-14,4-Apr-14,HRDT,HIV test,"Orgenics, Ltd",SKU0002,"HIV 1/2, Determine Complete HIV Kit, 100 Tests",Determine,100,8787,702960,80,0.8,"Alere Medical Co., Ltd.",3560,52462.81,722.64
59442,Rwanda,PMO - US,Direct Drop,EXW,Air,6-Aug-12,6-Aug-12,ARV,Adult,Aurobindo Pharma Limited,SKU0011,"Lamivudine/Zidovudine 150/300mg, tablets, 60 Tabs",Generic,60,35820,256113,7.15,0.12,"Aurobindo Unit III, India",3114,18779.99,359.07
59448,Vietnam,PMO - US,Direct Drop,EXW,Air,29-Jul-14,29-Jul-14,ARV,Adult,HETERO LABS LIMITED,SKU0029,"Tenofovir Disoproxil Fumarate 300mg, tablets, 30 Tabs",Generic,30,10700,37985,3.55,0.12,Hetero Unit III Hyderabad IN,See ASN-26923 (ID#:13027),See ASN-26923 (ID#:13027),39.05
59466,South Africa,PMO - US,Direct Drop,DDP,Truck,24-Jul-15,24-Jul-15,ARV,Adult,PHARMACY DIRECT,SKU0058,"Abacavir 300mg, tablets, 60 Tabs",Generic,60,35,1874.71,53.56,0.89,"Aurobindo Unit III, India",Weight Captured Separately,Freight Included in Commodity Cost,1.93
59482,Vietnam,PMO - US,Direct Drop,EXW,Air,23-Mar-15,23-Mar-15,ARV,Adult,MYLAN LABORATORIES LTD (FORMERLY MATRIX LABORATORIES),SKU0054,"Lamivudine/Nevirapine/Zidovudine 150/200/300mg, tablets, 60 Tabs",Generic,60,3000,24300,8.1,0.13,Mylan (formerly Matrix) Nashik,422,1332.29,28.6
59500,South Africa,PMO - US,Direct Drop,DDP,Truck,5-Aug-14,5-Aug-14,ARV,Adult,PHARMACY DIRECT,SKU0014,"Zidovudine 300mg, tablets, 60 Tabs",Generic,60,1,24.95,24.95,0.42,"Aurobindo Unit III, India",Weight Captured Separately,Freight Included in Commodity Cost,0.03
59502,Botswana,PMO - US,Direct Drop,EXW,Air,2-Jun-15,4-Jun-15,ARV,Adult,HETERO LABS LIMITED,SKU0132,"Efavirenz/Emtricitabine/Tenofovir Disoproxil Fumarate 600/200/300mg, tablets, 30 Tabs",Generic,30,39550,412506.5,10.43,0.35,"Hetero, Jadcherla, unit 5, IN",4840,23796.98,485.52
59530,South Africa,PMO - US,Direct Drop,DDP,Truck,13-Jan-14,13-Jan-14,ARV,Adult,S. BUYS WHOLESALER,SKU0069,"Didanosine 250mg, delayed-release capsules, 30 Caps",Generic,30,18,271.8,15.1,0.5,"Aurobindo Unit III, India",Weight Captured Separately,Freight Included in Commodity Cost,0.28
59566,South Africa,PMO - US,Direct Drop,DDP,Truck,24-Aug-15,24-Aug-15,ARV,Pediatric,PHARMACY DIRECT,SKU0049,"Efavirenz 50mg, capsule, 30 Caps",Generic,30,9,21.81,2.42,0.08,"Aurobindo Unit III, India",Weight Captured Separately,Freight Included in Commodity Cost,0.02
59572,South Africa,PMO - US,Direct Drop,DDP,Truck,29-Oct-09,29-Oct-09,ARV,Adult,S. BUYS WHOLESALER,SKU0067,"Nevirapine 200mg [Viramune], tablets, 60 Tabs",Viramune,60,2600,52801.37,20.31,0.34,"Boehringer Ing., Koropi, GR",Weight Captured Separately,Freight Included in Commodity Cost,103.49
59624,South Africa,PMO - US,Direct Drop,DDP,Truck,7-Feb-14,7-Feb-14,ARV,Adult,S. BUYS WHOLESALER,SKU0069,"Didanosine 250mg, delayed-release capsules, 30 Caps",Generic,30,5,84.1,16.82,0.56,"Aurobindo Unit III, India",Weight Captured Separately,Freight Included in Commodity Cost,0.1
59633,Haiti,PMO - US,Direct Drop,DDP,Truck,28-Jun-12,28-Jun-12,HRDT,HIV test,REINBOLD EXPORT IMPORT,SKU0002,"HIV 1/2, Determine Complete HIV Kit, 100 Tests",Determine,100,1250,160937.5,128.75,1.29,"Alere Medical Co., Ltd.",Weight Captured Separately,Freight Included in Commodity Cost,225.63
59673,Vietnam,PMO - US,Direct Drop,EXW,Air,22-Aug-12,22-Aug-12,ARV,Pediatric,Aurobindo Pharma Limited,SKU0066,"Efavirenz 200mg, capsule, 90 Caps",Generic,90,1000,7000,7,0.08,"Aurobindo Unit III, India",See ASN-15795 (ID#:16725),See ASN-15795 (ID#:16725),9.81
59698,South Africa,PMO - US,Direct Drop,DDP,Truck,5-Nov-14,5-Nov-14,ARV,Adult,PHARMACY DIRECT,SKU0029,"Tenofovir Disoproxil Fumarate 300mg, tablets, 30 Tabs",Generic,30,114,2179.73,19.12,0.64,Mylan (formerly Matrix) Nashik,Weight Captured Separately,Freight Included in Commodity Cost,2.24
59704,South Africa,PMO - US,Direct Drop,DDP,Ocean,4-Apr-11,4-Apr-11,ARV,Pediatric,Aurobindo Pharma Limited,SKU0126,"Nevirapine 10mg/ml, oral suspension w/syringe, Bottle, 240 ml",Generic,240,5590,11850.8,2.12,0.01,"Aurobindo Unit III, India",2068,3961.69,19.55
59715,"Congo, DRC",PMO - US,Direct Drop,FCA,Air,16-Apr-13,16-Apr-13,ARV,Pediatric,ABBVIE LOGISTICS (FORMERLY ABBOTT LOGISTICS BV),SKU0042,"Lopinavir/Ritonavir 80/20mg/ml [Kaletra], oral solution, cool, Bottle 5 x 60 ml",Kaletra,300,60,1849.2,30.82,0.1,ABBVIE (Abbott) Logis. UK,113,1421.86,2.29
59743,Malawi,PMO - US,Direct Drop,EXW,Air,13-Jul-12,13-Jul-12,HRDT,HIV test,"Trinity Biotech, Plc",SKU0009,"HIV 1/2, Uni-Gold HIV Kit, 20 Tests",Uni-Gold,20,246,7872,32,1.6,"Trinity Biotech, Plc",86,3133.86,11.04
59750,Mozambique,PMO - US,Direct Drop,CIP,Air,8-Nov-13,8-Nov-13,ARV,Adult,ASPEN PHARMACARE,SKU0139,"Darunavir 300mg [Prezista], tablets, 120 Tabs",Prezista,120,90,5994,66.6,0.55,"Janssen-Cilag, Latina, IT",Weight Captured Separately,Freight Included in Commodity Cost,7.41
59776,Zambia,PMO - US,Direct Drop,EXW,Air,20-Dec-11,16-Dec-11,HRDT,HIV test,"Orgenics, Ltd",SKU0002,"HIV 1/2, Determine Complete HIV Kit, 100 Tests",Determine,100,2870,229600,80,0.8,"Alere Medical Co., Ltd.",1368,25037.09,378.84
59805,Vietnam,PMO - US,Direct Drop,EXW,Air,22-Jun-11,22-Jun-11,ARV,Adult,MYLAN LABORATORIES LTD (FORMERLY MATRIX LABORATORIES),SKU0014,"Zidovudine 300mg, tablets, 60 Tabs",Generic,60,4084,29609,7.25,0.12,Mylan (formerly Matrix) Nashik,See ASN-11023 (ID#:37963),See ASN-11023 (ID#:37963),48.85
59847,South Africa,PMO - US,Direct Drop,DDP,Truck,3-Oct-14,3-Oct-14,ARV,Pediatric,PHARMACY DIRECT,SKU0144,"Atazanavir 150mg [Reyataz], capsules, 60 Caps",Reyataz,60,6,132.02,22,0.37,"BMS Evansville, US",Weight Captured Separately,Freight Included in Commodity Cost,0.14
59849,Zimbabwe,PMO - US,Direct Drop,EXW,Air,18-Sep-12,18-Sep-12,HRDT,HIV test,"Orgenics, Ltd",SKU0002,"HIV 1/2, Determine Complete HIV Kit, 100 Tests",Determine,100,5060,404800,80,0.8,"Alere Medical Co., Ltd.",See ASN-15987 (ID#:42394),See ASN-15987 (ID#:42394),567.53
59867,Côte d'Ivoire,PMO - US,Direct Drop,CIP,Air,6-Jan-10,6-Jan-10,ARV,Pediatric,MERCK SHARP & DOHME IDEA GMBH (FORMALLY MERCK SHARP & DOHME B.V.),SKU0102,"Efavirenz 30mg/ml [Stocrin/Sustiva], oral solution, Bottle, 180 ml",Stocrin/Sustiva,180,3355,56900.8,16.96,0.09,"MSD, Haarlem, NL",1006,2530.73,111.53
59873,Vietnam,PMO - US,Direct Drop,FCA,Air,19-Oct-11,19-Oct-11,ARV,Adult,ABBVIE LOGISTICS (FORMERLY ABBOTT LOGISTICS BV),SKU0118,"Ritonavir 100mg [Norvir], film coated tablets, 30 Tabs",Norvir,30,560,13025.6,23.26,0.78,ABBVIE Ludwigshafen Germany,67,4476.29,21.49
59894,South Africa,PMO - US,Direct Drop,DDP,Truck,14-Jan-15,14-Jan-15,ARV,Pediatric,PHARMACY DIRECT,SKU0042,"Lopinavir/Ritonavir 80/20mg/ml [Kaletra], oral solution, cool, Bottle 5 x 60 ml",Kaletra,300,4,63.78,15.94,0.05,ABBVIE (Abbott) Logis. UK,Weight Captured Separately,Freight Included in Commodity Cost,0.07
59896,Uganda,PMO - US,Direct Drop,EXW,Air,3-Oct-13,3-Oct-13,ARV,Adult,CIPLA LIMITED,SKU0011,"Lamivudine/Zidovudine 150/300mg, tablets, 60 Tabs",Generic,60,97380,641734.2,6.59,0.11,"Cipla, Goa, India",8722,32208.32,793.83
59917,South Africa,PMO - US,Direct Drop,DDP,Truck,12-May-15,12-May-15,ARV,Pediatric,PHARMACY DIRECT,SKU0071,"Abacavir 20mg/ml, oral solution, Bottle, 240 ml",Generic,240,3,53.13,17.71,0.07,"Aurobindo Unit III, India",Weight Captured Separately,Freight Included in Commodity Cost,0.05
59919,South Africa,PMO - US,Direct Drop,DDP,Truck,13-Jan-14,13-Jan-14,ARV,Adult,S. BUYS WHOLESALER,SKU0004,"Stavudine 30mg, capsules, 60 Caps",Generic,60,44,163.95,3.73,0.06,"Aurobindo Unit III, India",Weight Captured Separately,Freight Included in Commodity Cost,0.17
59928,Vietnam,PMO - US,Direct Drop,EXW,Air,11-Oct-13,11-Oct-13,ARV,Adult,MYLAN LABORATORIES LTD (FORMERLY MATRIX LABORATORIES),SKU0113,"Efavirenz/Lamivudine/Tenofovir Disoproxil Fumarate 600/300/300mg, tablets, 30 Tabs",Generic,30,14500,166605,11.49,0.38,Mylan (formerly Matrix) Nashik,1640,2503.07,206.09
59970,South Africa,PMO - US,Direct Drop,DDP,Truck,5-Feb-14,5-Feb-14,ARV,Adult,PHARMACY DIRECT,SKU0132,"Efavirenz/Emtricitabine/Tenofovir Disoproxil Fumarate 600/200/300mg, tablets, 30 Tabs",Generic,30,5409,206791.05,38.23,1.27,"Aurobindo Unit VII, IN",Weight Captured Separately,Freight Included in Commodity Cost,255.8
59973,Namibia,PMO - US,Direct Drop,EXW,Air,15-Jun-10,15-Jun-10,HRDT,HIV test,"Orgenics, Ltd",SKU0017,"HIV 1/2, Determine HIV Kit, without Lancets, 100 Tests",Determine,100,170,11900,70,0.7,Inverness Japan,40,2883.51,25.66
59991,Zambia,PMO - US,Direct Drop,EXW,Air,14-Mar-12,14-Mar-12,ARV,Adult,Aurobindo Pharma Limited,SKU0105,"Emtricitabine/Tenofovir Disoproxil Fumarate 200/300mg, tablets, 30 Tabs",Generic,30,100000,735000,7.35,0.24,"Aurobindo Unit III, India",9390,45118.64,1030.47
59994,South Africa,PMO - US,Direct Drop,DDP,Truck,13-Jan-14,13-Jan-14,ARV,Adult,S. BUYS WHOLESALER,SKU0058,"Abacavir 300mg, tablets, 60 Tabs",Generic,60,268,18310.96,68.32,1.14,"Aurobindo Unit III, India",Weight Captured Separately,Freight Included in Commodity Cost,18.82
60000,Vietnam,PMO - US,Direct Drop,EXW,Air,21-Sep-11,21-Sep-11,ARV,Adult,MYLAN LABORATORIES LTD (FORMERLY MATRIX LABORATORIES),SKU0054,"Lamivudine/Nevirapine/Zidovudine 150/200/300mg, tablets, 60 Tabs",Generic,60,25572,281036.28,10.99,0.18,Mylan (formerly Matrix) Nashik,3572,10657.33,463.71
60004,South Africa,PMO - US,Direct Drop,DDP,Ocean,14-Feb-11,14-Feb-11,ARV,Adult,STRIDES ARCOLAB LIMITED,SKU0003,"Lamivudine 150mg, tablets, 60 Tabs",Generic,60,189137,467168.39,2.47,0.04,"Strides, Bangalore, India.",9173,13677.67,1007.22
60005,Tanzania,PMO - US,Direct Drop,EXW,Air,24-Sep-13,24-Sep-13,ARV,Adult,Aurobindo Pharma Limited,SKU0054,"Lamivudine/Nevirapine/Zidovudine 150/200/300mg, tablets, 60 Tabs",Generic,60,33022,268468.86,8.13,0.14,"Aurobindo Unit III, India",4190,16066.92,332.1
60023,Haiti,PMO - US,Direct Drop,EXW,Air,12-Jun-12,12-Jun-12,ARV,Pediatric,CIPLA LIMITED,SKU0154,"Abacavir 60mg, dispersible tablets, 60 Tabs",Generic,60,864,5356.8,6.2,0.1,"Cipla, Patalganga, India",46,304.63,7.51
60026,South Africa,PMO - US,Direct Drop,DDP,Truck,1-Apr-10,1-Apr-10,ARV,Adult,S. BUYS WHOLESALER,SKU0051,"Zidovudine 300mg [Retrovir], tablets, 60 Tabs",Retrovir,60,200,3058.27,15.29,0.25,GSK Ware (UK),Weight Captured Separately,Freight Included in Commodity Cost,6.59
60074,Haiti,PMO - US,Direct Drop,EXW,Ocean,13-Mar-15,13-Mar-15,ARV,Adult,Aurobindo Pharma Limited,SKU0026,"Efavirenz 600mg, tablets, 30 Tabs",Generic,30,53571,176784.3,3.3,0.11,"Aurobindo Unit VII, IN",4974,11109.18,181.73
60084,Zimbabwe,PMO - US,Direct Drop,EXW,Air Charter,14-Jun-14,14-Jun-14,ARV,Adult,CIPLA LIMITED,SKU0007,"Nevirapine 200mg, tablets, 60 Tabs",Generic,60,85000,188700,2.22,0.04,"Cipla, Goa, India",11125,84791.1,193.98
60104,Côte d'Ivoire,PMO - US,Direct Drop,CIP,Air,6-Jan-10,6-Jan-10,ARV,Adult,GLAXOSMITHKLINE EXPORT LIMITED,SKU0078,"Abacavir/Lamivudine/Zidovudine 300/150/300mg [Trizivir], tablets, 60 Tabs",Trizivir,60,4640,249214.4,53.71,0.9,GSK Ware (UK),685,1807.36,488.46
60105,South Africa,PMO - US,Direct Drop,DDP,Truck,12-May-15,12-May-15,ARV,Adult,PHARMACY DIRECT,SKU0105,"Emtricitabine/Tenofovir Disoproxil Fumarate 200/300mg, tablets, 30 Tabs",Generic,30,3,65.49,21.83,0.73,"Aurobindo Unit III, India",Weight Captured Separately,Freight Included in Commodity Cost,0.07
60109,Zimbabwe,PMO - US,Direct Drop,EXW,Air,9-Oct-14,9-Oct-14,ARV,Pediatric,ABBVIE LOGISTICS (FORMERLY ABBOTT LOGISTICS BV),SKU0042,"Lopinavir/Ritonavir 80/20mg/ml [Kaletra], oral solution, cool, Bottle 5 x 60 ml",Kaletra,300,3794,116931.08,30.82,0.1,ABBVIE (Abbott) Logis. UK,3287,26515.21,120.21
60112,Uganda,PMO - US,Direct Drop,EXW,Air,22-Feb-14,22-Feb-14,ARV,Adult,Aurobindo Pharma Limited,SKU0007,"Nevirapine 200mg, tablets, 60 Tabs",Generic,60,18216,40986,2.25,0.04,"Aurobindo Unit III, India",1863,6757.18,42.13
60160,Haiti,PMO - US,Direct Drop,FCA,Air,6-Oct-09,6-Oct-09,ARV,Pediatric,ABBVIE LOGISTICS (FORMERLY ABBOTT LOGISTICS BV),SKU0045,"Lopinavir/Ritonavir 100/25mg [Aluvia], tablets, 60 Tabs",Generic,60,90,925.2,10.28,0.17,ABBVIE Ludwigshafen Germany,17,693.54,1.81
60168,South Africa,PMO - US,Direct Drop,DDP,Air,1-Sep-10,3-Sep-10,ARV,Adult,CIPLA LIMITED,SKU0029,"Tenofovir Disoproxil Fumarate 300mg, tablets, 30 Tabs",Generic,30,64771,506509.22,7.82,0.26,"Cipla, Goa, India",4398,5298.03,1092.03
60261,Guyana,PMO - US,Direct Drop,EXW,Air,13-Oct-10,13-Oct-10,ARV,Adult,Aurobindo Pharma Limited,SKU0135,"Lopinavir/Ritonavir 200/50mg, tablets, 120 Tabs",Generic,120,400,14400,36,0.3,"Aurobindo Unit III, India",Weight Captured Separately,Invoiced Separately,31.05
60273,Haiti,PMO - US,Direct Drop,EXW,Air,20-Jan-15,20-Jan-15,ARV,Pediatric,STRIDES ARCOLAB LIMITED,SKU0066,"Efavirenz 200mg, capsule, 90 Caps",Generic,90,2440,22692,9.3,0.1,"Strides, Bangalore, India.",163,1659.21,23.33
60286,Côte d'Ivoire,PMO - US,Direct Drop,EXW,Air,3-Jan-14,3-Jan-14,ARV,Pediatric,Aurobindo Pharma Limited,SKU0065,"Zidovudine 100mg, capsules, 100 Caps",Generic,100,400,1800,4.5,0.04,"Aurobindo Unit III, India",See ASN-23448 (ID#:58372),See ASN-23448 (ID#:58372),2.23
60299,South Africa,PMO - US,Direct Drop,DDP,Truck,9-Mar-15,9-Mar-15,ARV,Pediatric,PHARMACY DIRECT,SKU0049,"Efavirenz 50mg, capsule, 30 Caps",Generic,30,6,13.03,2.17,0.07,"Aurobindo Unit III, India",Weight Captured Separately,Freight Included in Commodity Cost,0.01
60316,Haiti,PMO - US,Direct Drop,EXW,Air,12-Sep-14,12-Sep-14,ARV,Pediatric,CIPLA LIMITED,SKU0005,"Zidovudine 10mg/ml, oral solution, Bottle, 240 ml",Generic,240,864,1684.8,1.95,0.01,"Cipla, Goa, India",Weight Captured Separately,Invoiced Separately,1.73
60321,"Congo, DRC",PMO - US,Direct Drop,EXW,Air,2-Jul-15,2-Jul-15,HRDT,HIV test,"Trinity Biotech, Plc",SKU0009,"HIV 1/2, Uni-Gold HIV Kit, 20 Tests",Uni-Gold,20,47,1504,32,1.6,"Trinity Biotech, Plc",See ASN-31750 (ID#:19272),See ASN-31750 (ID#:19272),1.77
60357,South Sudan,PMO - US,Direct Drop,EXW,Air,8-Nov-13,8-Nov-13,HRDT,HIV test - Ancillary,"Orgenics, Ltd",SKU0136,"Chase Buffer, Determine, 100 Tests, 2.5ml x 1 Vial",Determine,1,210,1050,5,5,"Alere Medical Co., Ltd.",See ASN-22040 (ID#:45178),See ASN-22040 (ID#:45178),1.3
60359,Burundi,PMO - US,Direct Drop,EXW,Air,30-Oct-13,30-Oct-13,HRDT,HIV test,"CHEMBIO DIAGNOSTIC SYSTEMS, INC.",SKU0111,"HIV 1/2, Stat-Pak Dipstick Assay Kit, 30 Tests",Stat-Pak,30,428,11812.8,27.6,0.92,Chembio Diagnostics Sys. Inc.,47,732.47,14.61
60375,South Africa,PMO - US,Direct Drop,DDP,Truck,6-Feb-14,6-Feb-14,ARV,Pediatric,S. BUYS WHOLESALER,SKU0049,"Efavirenz 50mg, capsule, 30 Caps",Generic,30,387,1089.02,2.81,0.09,"Aurobindo Unit III, India",Weight Captured Separately,Freight Included in Commodity Cost,1.35
60391,South Africa,PMO - US,Direct Drop,DDP,Ocean,26-Apr-11,26-Apr-11,ARV,Adult,Aurobindo Pharma Limited,SKU0026,"Efavirenz 600mg, tablets, 30 Tabs",Generic,30,25692,116384.76,4.53,0.15,"Aurobindo Unit III, India",Weight Captured Separately,Freight Included in Commodity Cost,250.93
60401,Tanzania,PMO - US,Direct Drop,EXW,Air,29-Sep-11,29-Sep-11,HRDT,HIV test,"Standard Diagnostics, Inc.",SKU0019,"HIV 1/2, Bioline 3.0 Kit, Lancets, Capillary pipets, Alcohol swabs included, 25 Tests",Bioline,25,10000,200000,20,0.8,"Standard Diagnostics, Korea",3349,22523.12,330
60439,South Africa,PMO - US,Direct Drop,DDP,Truck,29-Oct-09,29-Oct-09,ARV,Adult,S. BUYS WHOLESALER,SKU0014,"Zidovudine 300mg, tablets, 60 Tabs",Generic,60,770,20108.36,26.11,0.44,"Aurobindo Unit III, India",Weight Captured Separately,Freight Included in Commodity Cost,39.41
60450,Kenya,PMO - US,Direct Drop,EXW,Air,16-Feb-10,19-Feb-10,HRDT,HIV test,"Orgenics, Ltd",SKU0002,"HIV 1/2, Determine Complete HIV Kit, 100 Tests",Determine,100,1500,120000,80,0.8,Inverness Japan,1489,14532.09,258.72
60489,Ethiopia,PMO - US,Direct Drop,EXW,Air,10-Jul-13,10-Jul-13,HRDT,HIV test,"CHEMBIO DIAGNOSTIC SYSTEMS, INC.",SKU0016,"HIV 1/2, Stat-Pak HIV, Kit, 20 Tests",Stat-Pak,20,832,24128,29,1.45,Chembio Diagnostics Sys. Inc.,238,1945.45,29.85
60502,South Africa,PMO - US,Direct Drop,DDP,Ocean,31-May-11,31-May-11,ARV,Adult,Aurobindo Pharma Limited,SKU0029,"Tenofovir Disoproxil Fumarate 300mg, tablets, 30 Tabs",Generic,30,79250,527012.5,6.65,0.22,"Aurobindo Unit III, India",7397,8809.08,869.57
60545,Botswana,PMO - US,Direct Drop,EXW,Air,2-Jun-15,2-Jun-15,ARV,Adult,HETERO LABS LIMITED,SKU0132,"Efavirenz/Emtricitabine/Tenofovir Disoproxil Fumarate 600/200/300mg, tablets, 30 Tabs",Generic,30,32112,334928.16,10.43,0.35,"Hetero, Jadcherla, unit 5, IN",3989,19745.22,394.21
60547,Ethiopia,PMO - US,Direct Drop,EXW,Air,26-Apr-12,26-Apr-12,HRDT,HIV test,"Trinity Biotech, Plc",SKU0009,"HIV 1/2, Uni-Gold HIV Kit, 20 Tests",Uni-Gold,20,24,768,32,1.6,"Trinity Biotech, Plc",8,315.44,1.08
60573,South Africa,PMO - US,Direct Drop,DDP,Truck,27-Aug-14,27-Aug-14,ARV,Pediatric,S. BUYS WHOLESALER,SKU0049,"Efavirenz 50mg, capsule, 30 Caps",Generic,30,16,53.06,3.32,0.11,"Aurobindo Unit III, India",Weight Captured Separately,Freight Included in Commodity Cost,0.07
60626,Vietnam,PMO - US,Direct Drop,EXW,Air,1-Mar-12,1-Mar-12,ARV,Adult,Aurobindo Pharma Limited,SKU0007,"Nevirapine 200mg, tablets, 60 Tabs",Generic,60,5000,12500,2.5,0.04,"Aurobindo Unit III, India",See ASN-13475 (ID#:15772),See ASN-13475 (ID#:15772),20.62
60690,Haiti,PMO - US,Direct Drop,EXW,Air,16-Feb-15,16-Feb-15,ARV,Pediatric,Aurobindo Pharma Limited,SKU0120,"Nevirapine 50mg, dispersible tablets (tablets for oral suspension), 30 Tabs",Generic,30,6100,7625,1.25,0.04,"Aurobindo Unit III, India",353,4236.81,7.84
60702,Côte d'Ivoire,PMO - US,Direct Drop,EXW,Air,9-Apr-15,9-Apr-15,HRDT,HIV test,"CHEMBIO DIAGNOSTIC SYSTEMS, INC.",SKU0016,"HIV 1/2, Stat-Pak HIV, Kit, 20 Tests",Stat-Pak,20,2400,74400,31,1.55,Chembio Diagnostics Sys. Inc.,678,9253.44,87.57
60778,Tanzania,PMO - US,Direct Drop,EXW,Air,28-Jan-14,28-Jan-14,ARV,Adult,MYLAN LABORATORIES LTD (FORMERLY MATRIX LABORATORIES),SKU0058,"Abacavir 300mg, tablets, 60 Tabs",Generic,60,20000,223800,11.19,0.19,Mylan (formerly Matrix) Nashik,2039,9182.45,276.84
60779,South Africa,PMO - US,Direct Drop,DDP,Ocean,26-Apr-11,26-Apr-11,ARV,Adult,Aurobindo Pharma Limited,SKU0003,"Lamivudine 150mg, tablets, 60 Tabs",Generic,60,84143,199418.91,2.37,0.04,"Aurobindo Unit III, India",See ASN-10127 (ID#:17949),See ASN-10127 (ID#:17949),429.95
60811,Uganda,PMO - US,Direct Drop,FCA,Air,19-Jul-10,19-Jul-10,ARV,Adult,ABBVIE LOGISTICS (FORMERLY ABBOTT LOGISTICS BV),SKU0052,"Ritonavir 100mg [Norvir], capsules, cool, 4 x 84 Caps",Norvir,336,15,575.4,38.36,0.11,ABBVIE (Abbott) Logis. UK,53,708.2,1.24
60812,Haiti,PMO - US,Direct Drop,CIP,Air,30-Nov-09,30-Nov-09,ARV,Pediatric,MERCK SHARP & DOHME IDEA GMBH (FORMALLY MERCK SHARP & DOHME B.V.),SKU0102,"Efavirenz 30mg/ml [Stocrin/Sustiva], oral solution, Bottle, 180 ml",Stocrin/Sustiva,180,192,3256.32,16.96,0.09,"MSD, Haarlem, NL",54,290,6.38
71893,Haiti,PMO - US,Direct Drop,EXW,Ocean,25-May-15,25-May-15,ARV,Adult,CIPLA LIMITED,SKU0026,"Efavirenz 600mg, tablets, 30 Tabs",Generic,30,21203,68697.72,3.24,0.11,"Cipla, Goa, India",2471,4532.44,70.62
60816,South Africa,PMO - US,Direct Drop,DDP,Truck,12-May-15,12-May-15,ARV,Adult,PHARMACY DIRECT,SKU0121,"Darunavir 600mg [Prezista], tablets, 60 Tabs",Prezista,60,3,141.39,47.13,0.79,"Janssen-Cilag, Latina, IT",Weight Captured Separately,Freight Included in Commodity Cost,0.15
60818,Tanzania,PMO - US,Direct Drop,FCA,Air,9-Mar-12,9-Mar-12,ARV,Adult,ABBVIE LOGISTICS (FORMERLY ABBOTT LOGISTICS BV),SKU0110,"Ritonavir 100mg [Norvir], film coated tablets, 60 Tabs",Norvir,60,2145,14693.25,6.85,0.11,ABBVIE Ludwigshafen Germany,309,2383.65,24.24
60840,South Africa,PMO - US,Direct Drop,DDP,Ocean,13-Dec-10,13-Dec-10,ARV,Adult,STRIDES ARCOLAB LIMITED,SKU0007,"Nevirapine 200mg, tablets, 60 Tabs",Generic,60,237500,681625,2.87,0.05,"Strides, Bangalore, India.",15475,14682.98,1469.58
60841,Rwanda,PMO - US,Direct Drop,EXW,Air,30-Mar-12,30-Mar-12,ARV,Adult,Aurobindo Pharma Limited,SKU0069,"Didanosine 250mg, delayed-release capsules, 30 Caps",Generic,30,784,10192,13,0.43,"Aurobindo Unit III, India",See ASN-14125 (ID#:22658),See ASN-14125 (ID#:22658),16.82
60866,South Africa,PMO - US,Direct Drop,DDP,Truck,24-Aug-15,24-Aug-15,ARV,Adult,PHARMACY DIRECT,SKU0115,"Etravirine 100mg [Intelence], tablets, 120 Tabs",Intelence,120,18,495.23,27.51,0.23,"Janssen-Cilag, Latina, IT",Weight Captured Separately,Freight Included in Commodity Cost,0.51
60937,Zambia,PMO - US,Direct Drop,EXW,Air,12-May-15,6-May-15,HRDT,HIV test,"Orgenics, Ltd",SKU0002,"HIV 1/2, Determine Complete HIV Kit, 100 Tests",Determine,100,3182,254560,80,0.8,"Alere Medical Co., Ltd.",1290,14493.3,261.69
60964,South Africa,PMO - US,Direct Drop,DDP,Truck,12-Jan-10,12-Jan-10,ARV,Pediatric,S. BUYS WHOLESALER,SKU0035,"Nevirapine 10mg/ml [Viramune], oral suspension, Bottle, 240 ml",Viramune,240,40,625.57,15.64,0.07,Boehringer Ingelheim Roxane US,Weight Captured Separately,Freight Included in Commodity Cost,1.35
60966,Liberia,PMO - US,Direct Drop,EXW,Air,13-Oct-11,13-Oct-11,HRDT,HIV test,"Orgenics, Ltd",SKU0002,"HIV 1/2, Determine Complete HIV Kit, 100 Tests",Determine,100,695,55600,80,0.8,"Alere Medical Co., Ltd.",332,8738.06,91.74
60978,South Africa,PMO - US,Direct Drop,DDP,Ocean,7-Apr-11,7-Apr-11,ARV,Adult,Aurobindo Pharma Limited,SKU0029,"Tenofovir Disoproxil Fumarate 300mg, tablets, 30 Tabs",Generic,30,76615,509489.75,6.65,0.22,"Aurobindo Unit III, India",Weight Captured Separately,Freight Included in Commodity Cost,840.66
60994,Sudan,PMO - US,Direct Drop,EXW,Air,20-Feb-12,20-Feb-12,HRDT,HIV test - Ancillary,"Orgenics, Ltd",SKU0084,"Capillary Tubes, for Determine, EDTA, 50uL,100 Pcs",Determine,100,1,8,8,0.08,"Alere Medical Co., Ltd.",2,980.7,0.01
61009,South Africa,PMO - US,Direct Drop,DDP,Air,14-Jul-10,24-Aug-10,ARV,Pediatric,Aurobindo Pharma Limited,SKU0130,"Lamivudine 10mg/ml, oral solution w/syringe, Bottle, 240 ml",Generic,240,11640,34920,3,0.01,"Aurobindo Unit III, India",4440,3283.59,75.29
61090,Côte d'Ivoire,PMO - US,Direct Drop,FCA,Air,5-Mar-10,5-Mar-10,ARV,Adult,ABBVIE LOGISTICS (FORMERLY ABBOTT LOGISTICS BV),SKU0008,"Lopinavir/Ritonavir 200/50mg [Aluvia], tablets, 120 Tabs",Aluvia,120,3240,117158.4,36.16,0.3,ABBVIE Ludwigshafen Germany,800,5322.35,252.59
61105,Mozambique,PMO - US,Direct Drop,CIP,Air,6-May-15,6-May-15,ARV,Adult,JANSSEN SCIENCES IRELAND UC (FORMERLY JANSSEN R&D IRELAND),SKU0121,"Darunavir 600mg [Prezista], tablets, 60 Tabs",Prezista,60,100,5400,54,0.9,"Janssen-Cilag, Latina, IT",Weight Captured Separately,Freight Included in Commodity Cost,6.36
61111,Uganda,PMO - US,Direct Drop,EXW,Air,16-Jul-14,16-Jul-14,ARV,Adult,B&C GROUP S.A.,SKU0115,"Etravirine 100mg [Intelence], tablets, 120 Tabs",Intelence,120,502,18072,36,0.3,"Janssen-Cilag, Latina, IT",119,923.18,18.58
61186,South Africa,PMO - US,Direct Drop,DDP,Truck,24-Aug-15,24-Aug-15,ARV,Adult,PHARMACY DIRECT,SKU0105,"Emtricitabine/Tenofovir Disoproxil Fumarate 200/300mg, tablets, 30 Tabs",Generic,30,10,234.38,23.44,0.78,"Aurobindo Unit III, India",Weight Captured Separately,Freight Included in Commodity Cost,0.24
61190,Vietnam,PMO - US,Direct Drop,EXW,Air,26-Sep-11,26-Sep-11,ARV,Adult,HETERO LABS LIMITED,SKU0011,"Lamivudine/Zidovudine 150/300mg, tablets, 60 Tabs",Generic,60,10249,84041.8,8.2,0.14,Hetero Unit III Hyderabad IN,5495,23372.43,138.67
61191,Haiti,PMO - US,Direct Drop,EXW,Air,5-Sep-12,5-Sep-12,ARV,Pediatric,CIPLA LIMITED,SKU0157,"Abacavir/Lamivudine 60/30mg, dispersible tablets, 60 Tabs",Generic,60,2460,17220,7,0.12,"Cipla, Patalganga, India",173,1312.75,24.14
61271,Uganda,PMO - US,Direct Drop,EXW,Air,10-Dec-13,12-Dec-13,ARV,Pediatric,Aurobindo Pharma Limited,SKU0146,"Nevirapine 10mg/ml, oral suspension w/syringe, Bottle, 100 ml",Generic,100,11036,14346.8,1.3,0.01,"Aurobindo Unit III, India",2385,10898.12,17.75
61274,South Africa,PMO - US,Direct Drop,DDP,Truck,12-May-15,12-May-15,ARV,Adult,PHARMACY DIRECT,SKU0014,"Zidovudine 300mg, tablets, 60 Tabs",Generic,60,3,54.1,18.03,0.3,"Aurobindo Unit III, India",Weight Captured Separately,Freight Included in Commodity Cost,0.06
61281,Rwanda,PMO - US,Direct Drop,EXW,Ocean,1-Mar-11,1-Mar-11,ARV,Adult,HETERO LABS LIMITED,SKU0107,"Lamivudine/Tenofovir Disoproxil Fumarate 300/300mg, tablets, 30 Tabs",Generic,30,172800,1617408,9.36,0.31,Hetero Unit III Hyderabad IN,See ASN-9370 (ID#:48500),See ASN-9370 (ID#:48500),3487.13
61282,Ghana,PMO - US,Direct Drop,EXW,Air,21-Nov-14,21-Nov-14,ARV,Adult,MYLAN LABORATORIES LTD (FORMERLY MATRIX LABORATORIES),SKU0113,"Efavirenz/Lamivudine/Tenofovir Disoproxil Fumarate 600/300/300mg, tablets, 30 Tabs",Generic,30,38433,412770.42,10.74,0.36,Mylan (formerly Matrix) Nashik,4656,31521.65,424.33
61286,Nigeria,PMO - US,Direct Drop,EXW,Air,7-Nov-13,13-Nov-13,HRDT,HIV test,"Orgenics, Ltd",SKU0002,"HIV 1/2, Determine Complete HIV Kit, 100 Tests",Determine,100,3076,273764,89,0.89,"Alere Medical Co., Ltd.",1249,21084.84,338.65
61306,Zambia,PMO - US,Direct Drop,EXW,Air,19-Jul-11,19-Jul-11,HRDT,HIV test,"Trinity Biotech, Plc",SKU0009,"HIV 1/2, Uni-Gold HIV Kit, 20 Tests",Uni-Gold,20,3500,112000,32,1.6,"Trinity Biotech, Plc",1224,15670.6,184.8
61354,South Africa,PMO - US,Direct Drop,DDP,Truck,24-Jul-15,24-Jul-15,ARV,Adult,PHARMACY DIRECT,SKU0029,"Tenofovir Disoproxil Fumarate 300mg, tablets, 30 Tabs",Generic,30,38,564.39,14.85,0.5,Mylan (formerly Matrix) Nashik,Weight Captured Separately,Freight Included in Commodity Cost,0.58
61364,Zimbabwe,PMO - US,Direct Drop,EXW,Ocean,24-Oct-12,24-Oct-12,ARV,Pediatric,Aurobindo Pharma Limited,SKU0155,"Lopinavir/Ritonavir 100/25mg, tablets, 60 Tabs",Generic,60,42500,341700,8.04,0.13,"Aurobindo Unit III, India",3868,16210.31,479.06
61396,Dominican Republic,PMO - US,Direct Drop,EXW,Air,27-Oct-11,27-Oct-11,HRDT,HIV test,"Orgenics, Ltd",SKU0002,"HIV 1/2, Determine Complete HIV Kit, 100 Tests",Determine,100,2828,260176,92,0.92,Inverness Japan,Weight Captured Separately,Invoiced Separately,429.29
61403,Côte d'Ivoire,PMO - US,Direct Drop,EXW,Air,10-Nov-10,10-Nov-10,HRDT,HIV test,"Standard Diagnostics, Inc.",SKU0086,"HIV 1/2, Bioline 3.0 Kit, (no accessories), 30 Tests",Bioline,30,1206,28944,24,0.8,"Standard Diagnostics, Korea",429,4540.55,62.4
61416,South Africa,PMO - US,Direct Drop,DDP,Air,13-Oct-10,27-Oct-10,ARV,Adult,CIPLA LIMITED,SKU0029,"Tenofovir Disoproxil Fumarate 300mg, tablets, 30 Tabs",Generic,30,64738,506251.16,7.82,0.26,"Cipla, Goa, India",4457,3646.13,1091.48
61417,South Africa,PMO - US,Direct Drop,DDP,Truck,26-Jan-15,26-Jan-15,ARV,Adult,PHARMACY DIRECT,SKU0069,"Didanosine 250mg, delayed-release capsules, 30 Caps",Generic,30,6,66.1,11.02,0.37,"Aurobindo Unit III, India",Weight Captured Separately,Freight Included in Commodity Cost,0.07
61418,Uganda,PMO - US,Direct Drop,FCA,Air,4-May-12,4-May-12,ARV,Adult,ABBVIE LOGISTICS (FORMERLY ABBOTT LOGISTICS BV),SKU0110,"Ritonavir 100mg [Norvir], film coated tablets, 60 Tabs",Norvir,60,625,4281.25,6.85,0.11,ABBVIE Ludwigshafen Germany,86,86,6
61436,Uganda,PMO - US,Direct Drop,EXW,Air,28-Aug-15,28-Aug-15,ARV,Adult,STRIDES ARCOLAB LIMITED,SKU0026,"Efavirenz 600mg, tablets, 30 Tabs",Generic,30,61751,194515.65,3.15,0.1,"Strides, Bangalore, India.",Weight Captured Separately,Invoiced Separately,228.94
61473,South Africa,PMO - US,Direct Drop,DDP,Truck,24-Jul-15,24-Jul-15,ARV,Adult,PHARMACY DIRECT,SKU0011,"Lamivudine/Zidovudine 150/300mg, tablets, 60 Tabs",Generic,60,13,293.03,22.54,0.38,"Aurobindo Unit III, India",Weight Captured Separately,Freight Included in Commodity Cost,0.3
61493,Dominican Republic,PMO - US,Direct Drop,EXW,Air,29-Oct-13,29-Oct-13,HRDT,HIV test - Ancillary,"Standard Diagnostics, Inc.",SKU0136,"Chase Buffer, Determine, 100 Tests, 2.5ml x 1 Vial",Determine,1,112,0,0,0,"Alere Medical Co., Ltd.",46,1428.23,0
61501,South Africa,PMO - US,Direct Drop,DDP,Ocean,29-Dec-10,10-Mar-11,ARV,Adult,Aurobindo Pharma Limited,SKU0029,"Tenofovir Disoproxil Fumarate 300mg, tablets, 30 Tabs",Generic,30,146670,975355.5,6.65,0.22,"Aurobindo Unit III, India",13690,15213.22,2102.87
61518,"Congo, DRC",PMO - US,Direct Drop,EXW,Air,5-Sep-14,5-Sep-14,HRDT,HIV test,"Trinity Biotech, Plc",SKU0009,"HIV 1/2, Uni-Gold HIV Kit, 20 Tests",Uni-Gold,20,65,2080,32,1.6,"Trinity Biotech, Plc",See ASN-26738 (ID#:15115),See ASN-26738 (ID#:15115),2.14
61520,Rwanda,PMO - US,Direct Drop,CIP,Air,27-Sep-11,27-Sep-11,ARV,Pediatric,Aurobindo Pharma Limited,SKU0130,"Lamivudine 10mg/ml, oral solution w/syringe, Bottle, 240 ml",Generic,240,2468,7231.24,2.93,0.01,"Aurobindo Unit III, India",907,650.81,15.59
61521,Haiti,PMO - US,Direct Drop,EXW,Air,6-Dec-12,6-Dec-12,HRDT,HIV test,"Orgenics, Ltd",SKU0002,"HIV 1/2, Determine Complete HIV Kit, 100 Tests",Determine,100,1500,150000,100,1,"Alere Medical Co., Ltd.",714,11293.85,185.55
61546,Ethiopia,PMO - US,Direct Drop,EXW,Air,5-Nov-12,5-Nov-12,HRDT,HIV test,"SHANGHAI KEHUA BIOENGINEERING CO.,LTD.  (KHB)",SKU0063,"HIV 1/2, SKB Colloidal Gold, Diagnostic Kit, Antibody, 50 Tests",Colloidal Gold,1,22497,551176.5,24.5,24.5,"KHB Test Kit Facility, Shanghai China",13749,152368.7,772.75
61550,Haiti,PMO - US,Direct Drop,EXW,Air,17-Jun-14,17-Jun-14,ARV,Adult,MYLAN LABORATORIES LTD (FORMERLY MATRIX LABORATORIES),SKU0011,"Lamivudine/Zidovudine 150/300mg, tablets, 60 Tabs",Generic,60,24024,155915.76,6.49,0.11,Mylan (formerly Matrix) Nashik,2082,16574.55,192.87
61563,Vietnam,PMO - US,Direct Drop,FCA,Air,13-Sep-10,13-Sep-10,ARV,Adult,ABBVIE LOGISTICS (FORMERLY ABBOTT LOGISTICS BV),SKU0052,"Ritonavir 100mg [Norvir], capsules, cool, 4 x 84 Caps",Norvir,336,56,17185.28,306.88,0.91,ABBVIE (Abbott) Logis. UK,168,4092.21,37.05
61595,Côte d'Ivoire,PMO - US,Direct Drop,EXW,Air,7-Oct-13,7-Oct-13,HRDT,HIV test,"Standard Diagnostics, Inc.",SKU0019,"HIV 1/2, Bioline 3.0 Kit, Lancets, Capillary pipets, Alcohol swabs included, 25 Tests",Bioline,25,3800,77900,20.5,0.82,"Standard Diagnostics, Korea",1267,12711.93,96.36
61612,Haiti,PMO - US,Direct Drop,EXW,Air,28-May-15,28-May-15,ARV,Adult,EMCURE PHARMACEUTICALS LTD,SKU0119,"Atazanavir/Ritonavir 300/100mg, tablets, 30 Tabs",Generic,30,1000,18000,18,0.6,"Emcure Plot No.P-2, I.T-B.T. Park, Phase II, MIDC, Hinjwadi, Pune, India",132,1579.89,18.5
61614,South Africa,PMO - US,Direct Drop,DDP,Ocean,4-Oct-11,11-Oct-11,ARV,Adult,Aurobindo Pharma Limited,SKU0026,"Efavirenz 600mg, tablets, 30 Tabs",Generic,30,58489,263785.39,4.51,0.15,"Aurobindo Unit III, India",4972,14439.19,435.25
61623,Haiti,PMO - US,Direct Drop,EXW,Ocean,9-May-14,9-May-14,ARV,Pediatric,Aurobindo Pharma Limited,SKU0120,"Nevirapine 50mg, dispersible tablets (tablets for oral suspension), 30 Tabs",Generic,30,2293,2866.25,1.25,0.04,"Aurobindo Unit III, India",122,2461.63,3.55
61658,South Africa,PMO - US,Direct Drop,DDP,Truck,10-Dec-14,10-Dec-14,ARV,Adult,S. BUYS WHOLESALER,SKU0105,"Emtricitabine/Tenofovir Disoproxil Fumarate 200/300mg, tablets, 30 Tabs",Generic,30,2,53.51,26.76,0.89,"Aurobindo Unit III, India",Weight Captured Separately,Freight Included in Commodity Cost,0.06
61659,South Africa,PMO - US,Direct Drop,DDP,Ocean,13-Jun-11,13-Jun-11,ARV,Adult,Aurobindo Pharma Limited,SKU0029,"Tenofovir Disoproxil Fumarate 300mg, tablets, 30 Tabs",Generic,30,52158,346850.7,6.65,0.22,"Aurobindo Unit III, India",4868,6121.41,572.3
61664,Kenya,PMO - US,Direct Drop,EXW,Air,22-Mar-12,22-Mar-12,HRDT,HIV test,"Orgenics, Ltd",SKU0002,"HIV 1/2, Determine Complete HIV Kit, 100 Tests",Determine,100,7982,710398,89,0.89,"Alere Medical Co., Ltd.",2278,31382.03,995.98
61675,Zambia,PMO - US,Direct Drop,EXW,Air,5-Aug-13,9-Aug-13,HRDT,HIV test,"Orgenics, Ltd",SKU0002,"HIV 1/2, Determine Complete HIV Kit, 100 Tests",Determine,100,2127,170160,80,0.8,"Alere Medical Co., Ltd.",881,14019.38,210.49
61676,Sudan,PMO - US,Direct Drop,EXW,Air,11-Jan-12,11-Jan-12,HRDT,HIV test,"Trinity Biotech, Plc",SKU0009,"HIV 1/2, Uni-Gold HIV Kit, 20 Tests",Uni-Gold,20,65,2080,32,1.6,"Trinity Biotech, Plc",21,593.72,3.43
61694,South Africa,PMO - US,Direct Drop,DDP,Truck,25-Jun-14,25-Jun-14,ARV,Pediatric,PHARMACY DIRECT,SKU0048,"Lamivudine 10mg/ml, oral solution, Bottle, 240 ml",Generic,240,6,42.91,7.15,0.03,"Aurobindo Unit III, India",Weight Captured Separately,Freight Included in Commodity Cost,0.04
61696,Vietnam,PMO - US,Direct Drop,EXW,Air,3-Aug-10,3-Aug-10,ARV,Adult,STRIDES ARCOLAB LIMITED,SKU0007,"Nevirapine 200mg, tablets, 60 Tabs",Generic,60,10935,28431,2.6,0.04,"Strides, Bangalore, India.",See ASN-7487 (ID#:48120),See ASN-7487 (ID#:48120),61.3
61697,South Africa,PMO - US,Direct Drop,DDP,Truck,2-Jun-15,2-Jun-15,ARV,Adult,PHARMACY DIRECT,SKU0014,"Zidovudine 300mg, tablets, 60 Tabs",Generic,60,7,126.22,18.03,0.3,"Aurobindo Unit III, India",Weight Captured Separately,Freight Included in Commodity Cost,0.13
61715,Rwanda,PMO - US,Direct Drop,EXW,Air,29-Jun-12,29-Jun-12,ARV,Pediatric,CIPLA LIMITED,SKU0071,"Abacavir 20mg/ml, oral solution, Bottle, 240 ml",Generic,240,4192,35632,8.5,0.04,"Cipla, Goa, India",1514,6072.8,49.96
61720,Tanzania,PMO - US,Direct Drop,EXW,Air,24-May-14,24-May-14,HRDT,HIV test,"Orgenics, Ltd",SKU0002,"HIV 1/2, Determine Complete HIV Kit, 100 Tests",Determine,100,350,28000,80,0.8,"Alere Medical Co., Ltd.",143,2508.46,28.78
64186,Cameroon,PMO - US,Direct Drop,EXW,Air,9-Nov-13,9-Nov-13,ARV,Adult,HETERO LABS LIMITED,SKU0007,"Nevirapine 200mg, tablets, 60 Tabs",Generic,60,121307,266875.4,2.2,0.04,Hetero Unit III Hyderabad IN,7912,62102.07,330.12
61737,Vietnam,PMO - US,Direct Drop,EXW,Air,17-Dec-14,17-Dec-14,ARV,Adult,HETERO LABS LIMITED,SKU0113,"Efavirenz/Lamivudine/Tenofovir Disoproxil Fumarate 600/300/300mg, tablets, 30 Tabs",Generic,30,11904,124992,10.5,0.35,Hetero Unit III Hyderabad IN,See ASN-29376 (ID#:13766),See ASN-29376 (ID#:13766),128.49
61749,Mozambique,PMO - US,Direct Drop,EXW,Air,4-Aug-10,4-Aug-10,HRDT,HIV test,"Orgenics, Ltd",SKU0017,"HIV 1/2, Determine HIV Kit, without Lancets, 100 Tests",Determine,100,4131,320978.7,77.7,0.78,Inverness Japan,937,11566.55,692.03
61754,Zambia,PMO - US,Direct Drop,EXW,Air,26-Oct-11,26-Oct-11,HRDT,HIV test,"Orgenics, Ltd",SKU0002,"HIV 1/2, Determine Complete HIV Kit, 100 Tests",Determine,100,3200,256000,80,0.8,"Alere Medical Co., Ltd.",1526,27952.72,422.4
61779,Mozambique,PMO - US,Direct Drop,EXW,Air,2-May-14,2-May-14,HRDT,HIV test - Ancillary,"Orgenics, Ltd",SKU0136,"Chase Buffer, Determine, 100 Tests, 2.5ml x 1 Vial",Determine,1,229,1145,5,5,"Alere Medical Co., Ltd.",Weight Captured Separately,Freight Included in Commodity Cost,1.18
61783,Tanzania,PMO - US,Direct Drop,EXW,Ocean,23-Oct-13,23-Oct-13,ARV,Adult,MYLAN LABORATORIES LTD (FORMERLY MATRIX LABORATORIES),SKU0132,"Efavirenz/Emtricitabine/Tenofovir Disoproxil Fumarate 600/200/300mg, tablets, 30 Tabs",Generic,30,65763,821379.87,12.49,0.42,Mylan (formerly Matrix) Nashik,8182,7814.59,1016.05
61811,South Africa,PMO - US,Direct Drop,DDP,Truck,29-Aug-14,29-Aug-14,ARV,Adult,S. BUYS WHOLESALER,SKU0105,"Emtricitabine/Tenofovir Disoproxil Fumarate 200/300mg, tablets, 30 Tabs",Generic,30,228,7598.95,33.33,1.11,"Aurobindo Unit III, India",Weight Captured Separately,Freight Included in Commodity Cost,9.4
61852,Guyana,PMO - US,Direct Drop,EXW,Air,28-Aug-15,28-Aug-15,HRDT,HIV test,"Orgenics, Ltd",SKU0002,"HIV 1/2, Determine Complete HIV Kit, 100 Tests",Determine,100,305,30500,100,1,"Alere Medical Co., Ltd.",Weight Captured Separately,Invoiced Separately,35.9
61864,Côte d'Ivoire,PMO - US,Direct Drop,EXW,Air,17-Aug-10,17-Aug-10,HRDT,HIV test,"Standard Diagnostics, Inc.",SKU0086,"HIV 1/2, Bioline 3.0 Kit, (no accessories), 30 Tests",Bioline,30,900,21600,24,0.8,"Standard Diagnostics, Korea",300,3489.46,46.57
61871,Dominican Republic,PMO - US,Direct Drop,EXW,Air,12-Sep-11,12-Sep-11,HRDT,HIV test,"Standard Diagnostics, Inc.",SKU0127,"HIV 1/2, Bioline 3.0 Kit, 100 Tests",Bioline,100,41,3075,75,0.75,"Standard Diagnostics, Korea",28,483.68,5.07
61882,South Africa,PMO - US,Direct Drop,DDP,Air,11-Jun-10,11-Jun-10,ARV,Adult,Aurobindo Pharma Limited,SKU0003,"Lamivudine 150mg, tablets, 60 Tabs",Generic,60,2,5.06,2.53,0.04,"Aurobindo Unit III, India",1,4116.81,0.01
61896,Mali,PMO - US,Direct Drop,EXW,Air,11-Jun-13,11-Jun-13,HRDT,HIV test - Ancillary,"Orgenics, Ltd",SKU0022,"HIV, Lancet, Safety, for HIV Test kits, 100 Pcs",Generic,100,21,105,5,0.05,"Alere Medical Co., Ltd.",See ASN-19649 (ID#:15382),See ASN-19649 (ID#:15382),0.13
61913,South Sudan,PMO - US,Direct Drop,EXW,Air,18-Oct-13,18-Oct-13,HRDT,HIV test,"Trinity Biotech, Plc",SKU0009,"HIV 1/2, Uni-Gold HIV Kit, 20 Tests",Uni-Gold,20,18,576,32,1.6,"Trinity Biotech, Plc",See ASN-21751 (ID#:13968),See ASN-21751 (ID#:13968),0.71
61959,Uganda,PMO - US,Direct Drop,EXW,Air,14-Sep-13,14-Sep-13,ARV,Adult,STRIDES ARCOLAB LIMITED,SKU0026,"Efavirenz 600mg, tablets, 30 Tabs",Generic,30,111348,355200.12,3.19,0.11,"Strides, Bangalore, India.",6953,30711.92,439.38
61980,Haiti,PMO - US,Direct Drop,CIP,Air,29-Oct-12,29-Oct-12,ARV,Pediatric,MERCK SHARP & DOHME IDEA GMBH (FORMALLY MERCK SHARP & DOHME B.V.),SKU0102,"Efavirenz 30mg/ml [Stocrin/Sustiva], oral solution, Bottle, 180 ml",Stocrin/Sustiva,180,2295,38923.2,16.96,0.09,"MSD, Haarlem, NL",687,5293.76,54.57
61993,Mozambique,PMO - US,Direct Drop,EXW,Air,8-Sep-14,8-Sep-14,HRDT,HIV test,"Trinity Biotech, Plc",SKU0009,"HIV 1/2, Uni-Gold HIV Kit, 20 Tests",Uni-Gold,20,8261,264352,32,1.6,"Trinity Biotech, Plc",298,16397.94,271.75
61998,Ethiopia,PMO - US,Direct Drop,EXW,Air,5-Sep-12,5-Sep-12,HRDT,HIV test,"CHEMBIO DIAGNOSTIC SYSTEMS, INC.",SKU0016,"HIV 1/2, Stat-Pak HIV, Kit, 20 Tests",Stat-Pak,20,340,9860,29,1.45,Chembio Diagnostics Sys. Inc.,128,810.96,13.82
62024,Vietnam,PMO - US,Direct Drop,EXW,Air,30-Jul-15,30-Jul-15,ARV,Adult,MYLAN LABORATORIES LTD (FORMERLY MATRIX LABORATORIES),SKU0054,"Lamivudine/Nevirapine/Zidovudine 150/200/300mg, tablets, 60 Tabs",Generic,60,17584,142430.4,8.1,0.13,Mylan (formerly Matrix) Nashik,2446,4559.25,167.64
62032,"Congo, DRC",PMO - US,Direct Drop,EXW,Air,23-Jul-15,23-Jul-15,HRDT,HIV test,"Orgenics, Ltd",SKU0002,"HIV 1/2, Determine Complete HIV Kit, 100 Tests",Determine,100,51,4080,80,0.8,"Alere Medical Co., Ltd.",See ASN-32231 (ID#:13648),See ASN-32231 (ID#:13648),4.8
62037,Vietnam,PMO - US,Direct Drop,EXW,Air,10-Jul-15,10-Jul-15,ARV,Adult,HETERO LABS LIMITED,SKU0058,"Abacavir 300mg, tablets, 60 Tabs",Generic,60,1400,15330,10.95,0.18,Hetero Unit III Hyderabad IN,See ASN-32265 (ID#:56716),See ASN-32265 (ID#:56716),18.04
62046,Côte d'Ivoire,PMO - US,Direct Drop,FCA,Air,7-Feb-14,7-Feb-14,ARV,Pediatric,ABBVIE LOGISTICS (FORMERLY ABBOTT LOGISTICS BV),SKU0042,"Lopinavir/Ritonavir 80/20mg/ml [Kaletra], oral solution, cool, Bottle 5 x 60 ml",Kaletra,300,540,16642.8,30.82,0.1,ABBVIE (Abbott) Logis. UK,519,5385.37,20.59
62047,South Africa,PMO - US,Direct Drop,DDP,Air,8-Dec-10,8-Dec-10,ARV,Adult,Aurobindo Pharma Limited,SKU0007,"Nevirapine 200mg, tablets, 60 Tabs",Generic,60,16383,47838.36,2.92,0.05,"Aurobindo Unit III, India",1935,5159.33,103.14
62059,Côte d'Ivoire,PMO - US,Direct Drop,CIP,Air,1-Jul-11,1-Jul-11,ARV,Adult,MERCK SHARP & DOHME IDEA GMBH (FORMALLY MERCK SHARP & DOHME B.V.),SKU0094,"Indinavir 400mg [Crixivan], capsules, 180 Caps",Crixivan,180,922,46100,50,0.28,"MSD, Haarlem, NL",See ASN-11129 (ID#:32064),See ASN-11129 (ID#:32064),99.39
62077,Haiti,PMO - US,Direct Drop,EXW,Ocean,9-Apr-15,9-Apr-15,ARV,Adult,HETERO LABS LIMITED,SKU0113,"Efavirenz/Lamivudine/Tenofovir Disoproxil Fumarate 600/300/300mg, tablets, 30 Tabs",Generic,30,39015,399903.75,10.25,0.34,Hetero Unit III Hyderabad IN,See ASN-30463 (ID#:15460),See ASN-30463 (ID#:15460),411.1
62079,Malawi,PMO - US,Direct Drop,EXW,Air,21-May-12,21-May-12,HRDT,HIV test,"Trinity Biotech, Plc",SKU0009,"HIV 1/2, Uni-Gold HIV Kit, 20 Tests",Uni-Gold,20,66,2112,32,1.6,"Trinity Biotech, Plc",29,732.72,2.96
62107,Vietnam,PMO - US,Direct Drop,EXW,Air,5-Jun-12,5-Jun-12,ARV,Pediatric,Aurobindo Pharma Limited,SKU0130,"Lamivudine 10mg/ml, oral solution w/syringe, Bottle, 240 ml",Generic,240,300,555,1.85,0.01,"Aurobindo Unit III, India",See ASN-14875 (ID#:35053),See ASN-14875 (ID#:35053),0.78
62113,Côte d'Ivoire,PMO - US,Direct Drop,CIP,Air,1-Jul-11,1-Jul-11,ARV,Pediatric,MERCK SHARP & DOHME IDEA GMBH (FORMALLY MERCK SHARP & DOHME B.V.),SKU0102,"Efavirenz 30mg/ml [Stocrin/Sustiva], oral solution, Bottle, 180 ml",Stocrin/Sustiva,180,5196,88124.16,16.96,0.09,"MSD, Haarlem, NL",1489,2093.31,190
62116,Zambia,PMO - US,Direct Drop,EXW,Air,20-Jul-14,21-Jul-14,ARV,Adult,Aurobindo Pharma Limited,SKU0007,"Nevirapine 200mg, tablets, 60 Tabs",Generic,60,39201,88202.25,2.25,0.04,"Aurobindo Unit III, India",3986,20555.45,90.67
62152,Côte d'Ivoire,PMO - US,Direct Drop,CIP,Air,11-Jun-10,11-Jun-10,ARV,Pediatric,BRISTOL-MYERS SQUIBB,SKU0046,"Didanosine 50mg [Videx], chewable tablets, 60 Tabs",Videx,60,1887,17926.5,9.5,0.16,"BMS Meymac, France",312,781.5,38.65
62158,South Africa,PMO - US,Direct Drop,DDP,Truck,12-May-15,12-May-15,ARV,Adult,PHARMACY DIRECT,SKU0026,"Efavirenz 600mg, tablets, 30 Tabs",Generic,30,34,383.14,11.27,0.38,"Aurobindo Unit III, India",Weight Captured Separately,Freight Included in Commodity Cost,0.39
62159,Haiti,PMO - US,Direct Drop,EXW,Ocean,2-Sep-13,2-Sep-13,ARV,Pediatric,Aurobindo Pharma Limited,SKU0126,"Nevirapine 10mg/ml, oral suspension w/syringe, Bottle, 240 ml",Generic,240,2040,3080.4,1.51,0.01,"Aurobindo Unit III, India",See ASN-19819 (ID#:13739),See ASN-19819 (ID#:13739),3.81
62164,South Africa,PMO - US,Direct Drop,DDP,Truck,21-Oct-09,21-Oct-09,ARV,Adult,S. BUYS WHOLESALER,SKU0051,"Zidovudine 300mg [Retrovir], tablets, 60 Tabs",Retrovir,60,300,4826.37,16.09,0.27,GSK Ware (UK),Weight Captured Separately,Freight Included in Commodity Cost,9.46
62168,South Africa,PMO - US,Direct Drop,DDP,Truck,12-May-15,12-May-15,ARV,Adult,PHARMACY DIRECT,SKU0029,"Tenofovir Disoproxil Fumarate 300mg, tablets, 30 Tabs",Generic,30,3,41.45,13.82,0.46,Mylan (formerly Matrix) Nashik,Weight Captured Separately,Freight Included in Commodity Cost,0.04
62169,Zambia,PMO - US,Direct Drop,EXW,Air,31-Jul-15,31-Jul-15,HRDT,HIV test,"Trinity Biotech, Plc",SKU0009,"HIV 1/2, Uni-Gold HIV Kit, 20 Tests",Uni-Gold,20,585,18720,32,1.6,"Trinity Biotech, Plc",Weight Captured Separately,Invoiced Separately,22.03
62173,Tanzania,PMO - US,Direct Drop,EXW,Air,5-Oct-11,5-Oct-11,HRDT,HIV test,"Orgenics, Ltd",SKU0002,"HIV 1/2, Determine Complete HIV Kit, 100 Tests",Determine,100,1500,120000,80,0.8,"Alere Medical Co., Ltd.",7500,19196.73,198
62194,Vietnam,PMO - US,Direct Drop,EXW,Air,14-Apr-15,14-Apr-15,ARV,Adult,HETERO LABS LIMITED,SKU0026,"Efavirenz 600mg, tablets, 30 Tabs",Generic,30,12200,42700,3.5,0.12,Hetero Unit III Hyderabad IN,See ASN-30942 (ID#:19840),See ASN-30942 (ID#:19840),43.9
62227,South Africa,South Africa Field Office,Direct Drop,DDP,Truck,16-Apr-13,16-Apr-13,ARV,Pediatric,S. BUYS WHOLESALER,SKU0066,"Efavirenz 200mg, capsule, 90 Caps",Generic,90,51,1217.19,23.87,0.27,"Aurobindo Unit III, India",Weight Captured Separately,Freight Included in Commodity Cost,1.51
62228,Nigeria,PMO - US,Direct Drop,EXW,Air,9-Jul-14,10-Jul-14,HRDT,HIV test,"Orgenics, Ltd",SKU0002,"HIV 1/2, Determine Complete HIV Kit, 100 Tests",Determine,100,10364,922396,89,0.89,"Alere Medical Co., Ltd.",4212,62466.03,948.22
62235,Côte d'Ivoire,PMO - US,Direct Drop,EXW,Air,18-Feb-15,18-Feb-15,HRDT,HIV test,"Orgenics, Ltd",SKU0002,"HIV 1/2, Determine Complete HIV Kit, 100 Tests",Determine,100,6500,520000,80,0.8,"Alere Medical Co., Ltd.",2634,30778.29,534.56
62253,Uganda,PMO - US,Direct Drop,EXW,Air,14-Oct-14,14-Oct-14,HRDT,HIV test,"Trinity Biotech, Plc",SKU0009,"HIV 1/2, Uni-Gold HIV Kit, 20 Tests",Uni-Gold,20,1903,60896,32,1.6,"Trinity Biotech, Plc",566,3603.93,62.6
62256,South Africa,PMO - US,Direct Drop,DDP,Truck,24-Aug-15,24-Aug-15,ARV,Adult,PHARMACY DIRECT,SKU0134,"Didanosine 400mg, delayed-release capsules, 30 Caps",Generic,30,9,137.45,15.27,0.51,"Aurobindo Unit III, India",Weight Captured Separately,Freight Included in Commodity Cost,0.14
62295,Haiti,PMO - US,Direct Drop,EXW,Air,25-Jun-14,25-Jun-14,ARV,Pediatric,Aurobindo Pharma Limited,SKU0049,"Efavirenz 50mg, capsule, 30 Caps",Generic,30,400,624,1.56,0.05,"Aurobindo Unit III, India",41,1317.01,0.64
62319,Uganda,PMO - US,Direct Drop,FCA,Air,24-Mar-10,24-Mar-10,ARV,Adult,ABBVIE LOGISTICS (FORMERLY ABBOTT LOGISTICS BV),SKU0008,"Lopinavir/Ritonavir 200/50mg [Aluvia], tablets, 120 Tabs",Aluvia,120,480,17356.8,36.16,0.3,ABBVIE Ludwigshafen Germany,127,1400.91,37.42
62322,Angola,PMO - US,Direct Drop,EXW,Air,12-May-11,12-May-11,HRDT,HIV test,"Orgenics, Ltd",SKU0002,"HIV 1/2, Determine Complete HIV Kit, 100 Tests",Determine,100,1800,144000,80,0.8,Inverness Japan,865,13790.1,310.46
62370,South Africa,PMO - US,Direct Drop,DDP,Truck,29-Aug-14,29-Aug-14,ARV,Adult,S. BUYS WHOLESALER,SKU0069,"Didanosine 250mg, delayed-release capsules, 30 Caps",Generic,30,11,185.01,16.82,0.56,"Aurobindo Unit III, India",Weight Captured Separately,Freight Included in Commodity Cost,0.23
62390,South Africa,South Africa Field Office,Direct Drop,DDP,Truck,16-Apr-13,16-Apr-13,ARV,Adult,S. BUYS WHOLESALER,SKU0061,"Lamivudine 150mg [Epivir], tablets, 60 Tabs",Epivir,60,869,5923.93,6.82,0.11,GSK Ware (UK),Weight Captured Separately,Freight Included in Commodity Cost,7.33
62400,Rwanda,PMO - US,Direct Drop,CIP,Air,4-Aug-10,4-Aug-10,ARV,Adult,Aurobindo Pharma Limited,SKU0134,"Didanosine 400mg, delayed-release capsules, 30 Caps",Generic,30,559,12532.78,22.42,0.75,"Aurobindo Unit III, India",46,1127.95,24.56
62403,"Congo, DRC",PMO - US,Direct Drop,EXW,Air,17-Jul-13,17-Jul-13,HRDT,HIV test - Ancillary,"Orgenics, Ltd",SKU0136,"Chase Buffer, Determine, 100 Tests, 2.5ml x 1 Vial",Determine,1,3511,17555,5,5,"Alere Medical Co., Ltd.",981,22892.07,21.72
62413,Vietnam,PMO - US,Direct Drop,EXW,Air,1-Apr-13,1-Apr-13,ARV,Adult,HETERO LABS LIMITED,SKU0026,"Efavirenz 600mg, tablets, 30 Tabs",Generic,30,7245,23546.25,3.25,0.11,"Hetero, Jadcherla, unit 5, IN",622,1226.11,29.13
62421,South Africa,PMO - US,Direct Drop,DDP,Truck,10-Dec-14,10-Dec-14,ARV,Adult,S. BUYS WHOLESALER,SKU0026,"Efavirenz 600mg, tablets, 30 Tabs",Generic,30,912,12596.09,13.81,0.46,"Aurobindo Unit III, India",Weight Captured Separately,Freight Included in Commodity Cost,14.83
62433,Mozambique,PMO - US,Direct Drop,EXW,Air,8-Sep-09,8-Sep-09,HRDT,HIV test,"Trinity Biotech, Plc",SKU0009,"HIV 1/2, Uni-Gold HIV Kit, 20 Tests",Uni-Gold,20,4200,134400,32,1.6,"Trinity Biotech, Plc",1650,23167.84,263.42
62476,Cameroon,PMO - US,Direct Drop,EXW,Air,16-Oct-13,16-Oct-13,HRDT,HIV test,Orasure Technologies Inc.,SKU0018,"HIV 1/2, OraQuick Advance HIV Rapid Antibody Kit, 100 Tests",OraQuick,100,30,10500,350,3.5,"Orasure Technologies, Inc",75,1406.75,12.99
62516,Vietnam,PMO - US,Direct Drop,FCA,Air,26-Jul-12,26-Jul-12,ARV,Adult,ABBVIE LOGISTICS (FORMERLY ABBOTT LOGISTICS BV),SKU0008,"Lopinavir/Ritonavir 200/50mg [Aluvia], tablets, 120 Tabs",Aluvia,120,7078,430483.96,60.82,0.51,ABBVIE Ludwigshafen Germany,1724,5248.47,603.54
62521,Côte d'Ivoire,PMO - US,Direct Drop,EXW,Air,5-Feb-10,5-Feb-10,ARV,Adult,MYLAN LABORATORIES LTD (FORMERLY MATRIX LABORATORIES),SKU0125,"Abacavir/Lamivudine/Zidovudine 300/150/300mg, tablets, 60 Tabs",Generic,60,2688,86016,32,0.53,Mylan (formerly Matrix) Nashik,421,4022.89,168.59
62549,South Africa,PMO - US,Direct Drop,DDP,Truck,2-Jun-15,2-Jun-15,ARV,Adult,PHARMACY DIRECT,SKU0003,"Lamivudine 150mg, tablets, 60 Tabs",Generic,60,52,343.51,6.61,0.11,"Aurobindo Unit III, India",Weight Captured Separately,Freight Included in Commodity Cost,0.35
62555,Côte d'Ivoire,PMO - US,Direct Drop,EXW,Ocean,5-Jul-12,5-Jul-12,ARV,Adult,Aurobindo Pharma Limited,SKU0135,"Lopinavir/Ritonavir 200/50mg, tablets, 120 Tabs",Generic,120,22600,678000,30,0.25,"Aurobindo Unit III, India",5734,24624,950.56
62577,Kenya,PMO - US,Direct Drop,EXW,Air,7-Jan-10,7-Jan-10,HRDT,HIV test,"Standard Diagnostics, Inc.",SKU0019,"HIV 1/2, Bioline 3.0 Kit, Lancets, Capillary pipets, Alcohol swabs included, 25 Tests",Bioline,25,9475,189500,20,0.8,"Standard Diagnostics, Korea",3158,24172.01,371.42
62586,Uganda,PMO - US,Direct Drop,DAP,Air,25-Oct-12,25-Oct-12,ARV,Adult,ASPEN PHARMACARE,SKU0115,"Etravirine 100mg [Intelence], tablets, 120 Tabs",Intelence,120,111,3996,36,0.3,"Janssen-Cilag, Latina, IT",24,330,5.6
62594,South Africa,PMO - US,Direct Drop,DDP,Truck,14-Sep-09,14-Sep-09,ARV,Adult,S. BUYS WHOLESALER,SKU0026,"Efavirenz 600mg, tablets, 30 Tabs",Generic,30,1,19.05,19.05,0.64,"Cipla, Goa, India",Weight Captured Separately,Freight Included in Commodity Cost,0.04
62603,South Africa,PMO - US,Direct Drop,DDP,Truck,12-May-15,12-May-15,ARV,Adult,PHARMACY DIRECT,SKU0121,"Darunavir 600mg [Prezista], tablets, 60 Tabs",Prezista,60,1,47.13,47.13,0.79,"Janssen-Cilag, Latina, IT",Weight Captured Separately,Freight Included in Commodity Cost,0.05
62634,Vietnam,PMO - US,Direct Drop,EXW,Air,13-Jul-15,13-Jul-15,ARV,Adult,HETERO LABS LIMITED,SKU0113,"Efavirenz/Lamivudine/Tenofovir Disoproxil Fumarate 600/300/300mg, tablets, 30 Tabs",Generic,30,17760,177600,10,0.33,Hetero Unit III Hyderabad IN,2516,3809.94,209.04
62657,"Congo, DRC",PMO - US,Direct Drop,EXW,Air,17-Jul-13,17-Jul-13,HRDT,HIV test,"Orgenics, Ltd",SKU0002,"HIV 1/2, Determine Complete HIV Kit, 100 Tests",Determine,100,2229,178320,80,0.8,"Alere Medical Co., Ltd.",See ASN-18768 (ID#:62403),See ASN-18768 (ID#:62403),220.58
62662,South Sudan,PMO - US,Direct Drop,EXW,Air,3-Jun-15,3-Jun-15,HRDT,HIV test - Ancillary,"Orgenics, Ltd",SKU0084,"Capillary Tubes, for Determine, EDTA, 50uL,100 Pcs",Determine,100,20,160,8,0.08,"Alere Medical Co., Ltd.",See ASN-31323 (ID#:14240),See ASN-31323 (ID#:14240),0.19
62709,Vietnam,PMO - US,Direct Drop,FCA,Air,3-Apr-13,3-Apr-13,ARV,Adult,ABBVIE LOGISTICS (FORMERLY ABBOTT LOGISTICS BV),SKU0008,"Lopinavir/Ritonavir 200/50mg [Aluvia], tablets, 120 Tabs",Aluvia,120,1836,111665.52,60.82,0.51,ABBVIE Ludwigshafen Germany,439,958.85,138.13
62712,Uganda,PMO - US,Direct Drop,FCA,Air,20-Mar-15,20-Mar-15,ARV,Pediatric,ABBVIE LOGISTICS (FORMERLY ABBOTT LOGISTICS BV),SKU0042,"Lopinavir/Ritonavir 80/20mg/ml [Kaletra], oral solution, cool, Bottle 5 x 60 ml",Kaletra,300,150,4623,30.82,0.1,ABBVIE (Abbott) Logis. UK,170,2265.89,5.44
62730,South Africa,PMO - US,Direct Drop,DDP,Ocean,2-Nov-11,2-Nov-11,ARV,Adult,EMCURE PHARMACEUTICALS LTD,SKU0026,"Efavirenz 600mg, tablets, 30 Tabs",Generic,30,136980,589014,4.3,0.14,"Emcure Plot No.P-2, I.T-B.T. Park, Phase II, MIDC, Hinjwadi, Pune, India",10832,10283.25,971.87
62761,Côte d'Ivoire,PMO - US,Direct Drop,FCA,Air,23-Dec-13,23-Dec-13,ARV,Adult,ABBVIE LOGISTICS (FORMERLY ABBOTT LOGISTICS BV),SKU0110,"Ritonavir 100mg [Norvir], film coated tablets, 60 Tabs",Norvir,60,350,2397.5,6.85,0.11,ABBVIE Ludwigshafen Germany,56,1726.5,2.97
62795,South Africa,South Africa Field Office,Direct Drop,DDP,Truck,16-Apr-13,16-Apr-13,ARV,Pediatric,S. BUYS WHOLESALER,SKU0066,"Efavirenz 200mg, capsule, 90 Caps",Generic,90,257,7465.87,29.05,0.32,"Aurobindo Unit III, India",Weight Captured Separately,Freight Included in Commodity Cost,9.24
62801,South Africa,PMO - US,Direct Drop,DDP,Ocean,15-Sep-11,15-Sep-11,ARV,Adult,Aurobindo Pharma Limited,SKU0029,"Tenofovir Disoproxil Fumarate 300mg, tablets, 30 Tabs",Generic,30,86843,577505.95,6.65,0.22,"Aurobindo Unit III, India",8106,10748.78,952.88
62808,South Africa,PMO - US,Direct Drop,DDP,Truck,25-Jun-14,25-Jun-14,ARV,Adult,PHARMACY DIRECT,SKU0003,"Lamivudine 150mg, tablets, 60 Tabs",Generic,60,138,1261.73,9.14,0.15,"Aurobindo Unit III, India",Weight Captured Separately,Freight Included in Commodity Cost,1.3
62814,Zambia,PMO - US,Direct Drop,EXW,Air,13-Jan-14,13-Jan-14,ARV,Adult,Aurobindo Pharma Limited,SKU0003,"Lamivudine 150mg, tablets, 60 Tabs",Generic,60,20000,43000,2.15,0.04,"Aurobindo Unit III, India",980,6020.81,44.2
62830,Cameroon,PMO - US,Direct Drop,EXW,Air,16-Jun-15,16-Jun-15,ARV,Adult,HETERO LABS LIMITED,SKU0166,"Lamivudine 300mg, tablets, 30 Tabs",Generic,30,1080,2160,2,0.07,Hetero Unit III Hyderabad IN,Weight Captured Separately,Invoiced Separately,2.54
62853,South Africa,PMO - US,Direct Drop,DDP,Truck,6-Feb-14,6-Feb-14,ARV,Adult,S. BUYS WHOLESALER,SKU0069,"Didanosine 250mg, delayed-release capsules, 30 Caps",Generic,30,17,242.61,14.27,0.48,"Aurobindo Unit III, India",Weight Captured Separately,Freight Included in Commodity Cost,0.3
62879,Dominican Republic,PMO - US,Direct Drop,EXW,Air,14-Sep-10,14-Sep-10,ARV,Adult,MYLAN LABORATORIES LTD (FORMERLY MATRIX LABORATORIES),SKU0029,"Tenofovir Disoproxil Fumarate 300mg, tablets, 30 Tabs",Generic,30,2000,14000,7,0.23,Mylan (formerly Matrix) Nashik,111,1254.61,30.18
62935,Rwanda,PMO - US,Direct Drop,FCA,Air,2-Apr-15,2-Apr-15,ARV,Pediatric,ABBVIE LOGISTICS (FORMERLY ABBOTT LOGISTICS BV),SKU0042,"Lopinavir/Ritonavir 80/20mg/ml [Kaletra], oral solution, cool, Bottle 5 x 60 ml",Kaletra,300,252,7766.64,30.82,0.1,ABBVIE (Abbott) Logis. UK,316,2905.84,9.14
62942,Mozambique,PMO - US,Direct Drop,FCA,Air,11-Nov-09,11-Nov-09,ARV,Adult,Hoffmann-La Roche ltd Basel,SKU0027,"Saquinavir 200mg [Invirase], capsules, 270 Caps",Invirase,270,392,37017.53,94.43,0.35,Roche Basel,202,2191.21,72.55
62948,Vietnam,PMO - US,Direct Drop,EXW,Air,27-Jul-15,27-Jul-15,ARV,Adult,MYLAN LABORATORIES LTD (FORMERLY MATRIX LABORATORIES),SKU0054,"Lamivudine/Nevirapine/Zidovudine 150/200/300mg, tablets, 60 Tabs",Generic,60,14663,118770.3,8.1,0.13,Mylan (formerly Matrix) Nashik,Weight Captured Separately,Invoiced Separately,139.79
62968,Vietnam,PMO - US,Direct Drop,EXW,Air,23-Oct-09,23-Oct-09,ARV,Adult,Aurobindo Pharma Limited,SKU0003,"Lamivudine 150mg, tablets, 60 Tabs",Generic,60,2520,6048,2.4,0.04,"Aurobindo Unit III, India",See ASN-5132 (ID#:22186),See ASN-5132 (ID#:22186),11.85
62980,Haiti,PMO - US,Direct Drop,EXW,Ocean,22-Oct-12,22-Oct-12,ARV,Adult,HETERO LABS LIMITED,SKU0107,"Lamivudine/Tenofovir Disoproxil Fumarate 300/300mg, tablets, 30 Tabs",Generic,30,19776,100857.6,5.1,0.17,Hetero Unit III Hyderabad IN,2122,9272.18,141.4
62987,Malawi,PMO - US,Direct Drop,EXW,Air,2-Oct-13,2-Oct-13,HRDT,HIV test,"Orgenics, Ltd",SKU0002,"HIV 1/2, Determine Complete HIV Kit, 100 Tests",Determine,100,154,12320,80,0.8,"Alere Medical Co., Ltd.",60,1619.3,15.24
62988,South Africa,PMO - US,Direct Drop,DDP,Truck,19-Feb-15,19-Feb-15,ARV,Adult,PHARMACY DIRECT,SKU0115,"Etravirine 100mg [Intelence], tablets, 120 Tabs",Intelence,120,3,106.26,35.42,0.3,"Janssen-Cilag, Latina, IT",Weight Captured Separately,Freight Included in Commodity Cost,0.11
62990,Vietnam,PMO - US,Direct Drop,EXW,Air,29-Jan-13,29-Jan-13,ARV,Pediatric,Aurobindo Pharma Limited,SKU0117,"Zidovudine 10mg/ml, oral solution w/syringe, Bottle, 240 ml",Generic,240,691,1451.1,2.1,0.01,"Aurobindo Unit III, India",See ASN-17672 (ID#:15352),See ASN-17672 (ID#:15352),1.8
63044,Vietnam,PMO - US,Direct Drop,EXW,Air,22-Mar-10,22-Mar-10,ARV,Adult,MYLAN LABORATORIES LTD (FORMERLY MATRIX LABORATORIES),SKU0029,"Tenofovir Disoproxil Fumarate 300mg, tablets, 30 Tabs",Generic,30,4872,36540,7.5,0.25,Mylan (formerly Matrix) Nashik,See ASN-6252 (ID#:36969),See ASN-6252 (ID#:36969),71.62
63047,South Africa,PMO - US,Direct Drop,DDP,Truck,28-Aug-14,28-Aug-14,ARV,Adult,PHARMACY DIRECT,SKU0014,"Zidovudine 300mg, tablets, 60 Tabs",Generic,60,11,274.5,24.95,0.42,"Aurobindo Unit III, India",Weight Captured Separately,Freight Included in Commodity Cost,0.28
63064,Nigeria,PMO - US,Direct Drop,EXW,Air,7-Nov-13,7-Nov-13,HRDT,HIV test,"Orgenics, Ltd",SKU0002,"HIV 1/2, Determine Complete HIV Kit, 100 Tests",Determine,100,3023,269047,89,0.89,"Alere Medical Co., Ltd.",1221,19891.2,332.81
63073,Zimbabwe,PMO - US,Direct Drop,FCA,Air,13-Mar-14,13-Mar-14,ARV,Pediatric,LAWRENCE LABORATORIES (SUBSIDIARY OF BRISTOL MYERS SQUIBB),SKU0028,"Didanosine 25mg [Videx], chewable tablets, 60 Tabs",Videx,60,1014,7098,7,0.12,Bristol-Myers Squibb Anagni IT,247,3584.08,8.78
63106,Cameroon,PMO - US,Direct Drop,EXW,Air,18-Oct-13,18-Oct-13,ARV,Adult,Aurobindo Pharma Limited,SKU0054,"Lamivudine/Nevirapine/Zidovudine 150/200/300mg, tablets, 60 Tabs",Generic,60,38707,314687.91,8.13,0.14,"Aurobindo Unit III, India",4926,40227.6,389.27
63111,Mali,PMO - US,Direct Drop,EXW,Air,19-Mar-14,19-Mar-14,HRDT,HIV test - Ancillary,"Orgenics, Ltd",SKU0022,"HIV, Lancet, Safety, for HIV Test kits, 100 Pcs",Generic,100,153,765,5,0.05,"Alere Medical Co., Ltd.",See ASN-24507 (ID#:53327),See ASN-24507 (ID#:53327),0.79
63174,Haiti,PMO - US,Direct Drop,EXW,Ocean,20-Dec-12,20-Dec-12,ARV,Adult,MYLAN LABORATORIES LTD (FORMERLY MATRIX LABORATORIES),SKU0058,"Abacavir 300mg, tablets, 60 Tabs",Generic,60,2610,32598.9,12.49,0.21,Mylan (formerly Matrix) Nashik,See ASN-16472 (ID#:20383),See ASN-16472 (ID#:20383),45.7
63175,Rwanda,PMO - US,Direct Drop,EXW,Air,14-Aug-09,14-Aug-09,HRDT,HIV test,"Trinity Biotech, Plc",SKU0009,"HIV 1/2, Uni-Gold HIV Kit, 20 Tests",Uni-Gold,20,250,8000,32,1.6,"Trinity Biotech, Plc",88,3997.31,15.68
63186,Rwanda,PMO - US,Direct Drop,CIP,Air,19-Oct-09,19-Oct-09,ARV,Adult,Aurobindo Pharma Limited,SKU0058,"Abacavir 300mg, tablets, 60 Tabs",Generic,60,427,8253.91,19.33,0.32,"Aurobindo Unit III, India",62,1060.35,16.18
63228,South Africa,PMO - US,Direct Drop,DDP,Truck,19-Feb-15,19-Feb-15,ARV,Adult,PHARMACY DIRECT,SKU0014,"Zidovudine 300mg, tablets, 60 Tabs",Generic,60,3,74.86,24.95,0.42,"Aurobindo Unit III, India",Weight Captured Separately,Freight Included in Commodity Cost,0.08
63234,Sudan,PMO - US,Direct Drop,EXW,Air,12-Nov-10,12-Nov-10,HRDT,HIV test,"Orgenics, Ltd",SKU0002,"HIV 1/2, Determine Complete HIV Kit, 100 Tests",Determine,100,260,23140,89,0.89,Inverness Japan,119,2742.83,49.89
63273,Tanzania,PMO - US,Direct Drop,EXW,Air,31-Dec-12,31-Dec-12,HRDT,HIV test,"Orgenics, Ltd",SKU0002,"HIV 1/2, Determine Complete HIV Kit, 100 Tests",Determine,100,2744,219520,80,0.8,"Alere Medical Co., Ltd.",1186,22067.21,307.77
63274,Vietnam,PMO - US,Direct Drop,EXW,Air,9-Aug-10,9-Aug-10,ARV,Adult,MYLAN LABORATORIES LTD (FORMERLY MATRIX LABORATORIES),SKU0058,"Abacavir 300mg, tablets, 60 Tabs",Generic,60,249,3956.61,15.89,0.26,Mylan (formerly Matrix) Nashik,See ASN-7510 (ID#:35983),See ASN-7510 (ID#:35983),8.53
63289,Cameroon,PMO - US,Direct Drop,EXW,Air,9-Nov-13,9-Nov-13,HRDT,HIV test,"Orgenics, Ltd",SKU0002,"HIV 1/2, Determine Complete HIV Kit, 100 Tests",Determine,100,5000,400000,80,0.8,"Alere Medical Co., Ltd.",1238,46044.38,494.8
63292,Vietnam,PMO - US,Direct Drop,FCA,Air,1-Oct-14,1-Oct-14,ARV,Adult,ABBVIE LOGISTICS (FORMERLY ABBOTT LOGISTICS BV),SKU0118,"Ritonavir 100mg [Norvir], film coated tablets, 30 Tabs",Norvir,30,400,9304,23.26,0.78,ABBVIE Ludwigshafen Germany,52,379.77,9.56
63296,Botswana,PMO - US,Direct Drop,EXW,Air,7-Feb-11,7-Feb-11,HRDT,HIV test - Ancillary,"Trinity Biotech, Plc",SKU0039,"#109436**HIV 1, Uni-Gold Recombigen HIV Control, Vial 2 x 0.5 ml",Uni-Gold,2,15,465,31,15.5,"Trinity Biotech, Plc",1,650.97,1
63297,Haiti,PMO - US,Direct Drop,EXW,Ocean,9-Apr-15,9-Apr-15,ARV,Adult,HETERO LABS LIMITED,SKU0113,"Efavirenz/Lamivudine/Tenofovir Disoproxil Fumarate 600/300/300mg, tablets, 30 Tabs",Generic,30,56500,579125,10.25,0.34,Hetero Unit III Hyderabad IN,7324,10500.29,595.34
63308,South Africa,PMO - US,Direct Drop,DDP,Truck,7-Feb-14,7-Feb-14,ARV,Pediatric,S. BUYS WHOLESALER,SKU0049,"Efavirenz 50mg, capsule, 30 Caps",Generic,30,71,235.46,3.32,0.11,"Aurobindo Unit III, India",Weight Captured Separately,Freight Included in Commodity Cost,0.29
63355,Ghana,PMO - US,Direct Drop,EXW,Air,12-Jun-14,12-Jun-14,ARV,Adult,Aurobindo Pharma Limited,SKU0135,"Lopinavir/Ritonavir 200/50mg, tablets, 120 Tabs",Generic,120,3393,73967.4,21.8,0.18,"Aurobindo Unit III, India",901,7326.63,76.04
63362,South Africa,PMO - US,Direct Drop,DDP,Truck,12-Feb-15,12-Feb-15,ARV,Pediatric,PHARMACY DIRECT,SKU0066,"Efavirenz 200mg, capsule, 90 Caps",Generic,90,21,357.91,17.04,0.19,"Aurobindo Unit III, India",Weight Captured Separately,Freight Included in Commodity Cost,0.37
63401,Uganda,PMO - US,Direct Drop,CIP,Air,14-Feb-14,14-Feb-14,ARV,Adult,ASPEN PHARMACARE,SKU0139,"Darunavir 300mg [Prezista], tablets, 120 Tabs",Prezista,120,454,30236.4,66.6,0.55,"Aspen-OSD, Port Elizabeth, SA",79,281.94,37.4
63409,Ethiopia,PMO - US,Direct Drop,EXW,Air,28-Apr-15,28-Apr-15,HRDT,HIV test,"SHANGHAI KEHUA BIOENGINEERING CO.,LTD.  (KHB)",SKU0063,"HIV 1/2, SKB Colloidal Gold, Diagnostic Kit, Antibody, 50 Tests",Colloidal Gold,1,4000,98000,24.5,24.5,"KHB Test Kit Facility, Shanghai China",2764,40716.16,115.35
63412,Côte d'Ivoire,PMO - US,Direct Drop,EXW,Air,16-Aug-12,16-Aug-12,HRDT,HIV test,"CHEMBIO DIAGNOSTIC SYSTEMS, INC.",SKU0016,"HIV 1/2, Stat-Pak HIV, Kit, 20 Tests",Stat-Pak,20,2155,62495,29,1.45,Chembio Diagnostics Sys. Inc.,622,7727.12,87.62
63419,Swaziland,PMO - US,Direct Drop,EXW,Air,19-Feb-15,19-Feb-15,HRDT,HIV test,"Orgenics, Ltd",SKU0002,"HIV 1/2, Determine Complete HIV Kit, 100 Tests",Determine,100,39,3120,80,0.8,"Alere Medical Co., Ltd.",17,514.52,3.21
63432,Côte d'Ivoire,PMO - US,Direct Drop,FCA,Air,17-Oct-11,17-Oct-11,ARV,Adult,ABBVIE LOGISTICS (FORMERLY ABBOTT LOGISTICS BV),SKU0008,"Lopinavir/Ritonavir 200/50mg [Aluvia], tablets, 120 Tabs",Aluvia,120,16800,517776,30.82,0.26,ABBVIE Ludwigshafen Germany,4213,27376.29,854.33
63438,Tanzania,PMO - US,Direct Drop,EXW,Air,27-Dec-13,27-Dec-13,ARV,Adult,CIPLA LIMITED,SKU0054,"Lamivudine/Nevirapine/Zidovudine 150/200/300mg, tablets, 60 Tabs",Generic,60,80516,652179.6,8.1,0.13,"Cipla, Goa, India",11646,50445.73,806.75
63466,South Africa,PMO - US,Direct Drop,DDP,Truck,21-Oct-09,21-Oct-09,ARV,Adult,S. BUYS WHOLESALER,SKU0007,"Nevirapine 200mg, tablets, 60 Tabs",Generic,60,300,6758.47,22.53,0.38,"Cipla, Goa, India",Weight Captured Separately,Freight Included in Commodity Cost,13.25
63468,South Africa,PMO - US,Direct Drop,DDP,Truck,29-Aug-14,29-Aug-14,ARV,Adult,S. BUYS WHOLESALER,SKU0026,"Efavirenz 600mg, tablets, 30 Tabs",Generic,30,632,10473.05,16.57,0.55,Hetero Unit III Hyderabad IN,Weight Captured Separately,Freight Included in Commodity Cost,12.96
63486,Vietnam,PMO - US,Direct Drop,EXW,Air,5-Jul-13,5-Jul-13,ARV,Adult,HETERO LABS LIMITED,SKU0058,"Abacavir 300mg, tablets, 60 Tabs",Generic,60,683,8366.75,12.25,0.2,Hetero Unit III Hyderabad IN,See ASN-19859 (ID#:59267),See ASN-19859 (ID#:59267),10.35
63502,Haiti,PMO - US,Direct Drop,FCA,Air,3-Mar-10,3-Mar-10,ARV,Pediatric,ABBVIE LOGISTICS (FORMERLY ABBOTT LOGISTICS BV),SKU0045,"Lopinavir/Ritonavir 100/25mg [Aluvia], tablets, 60 Tabs",Generic,60,300,2712,9.04,0.15,ABBVIE Ludwigshafen Germany,37,971.8,5.85
63537,Nigeria,PMO - US,Direct Drop,EXW,Air,19-Jan-15,19-Jan-15,HRDT,HIV test,"Orgenics, Ltd",SKU0002,"HIV 1/2, Determine Complete HIV Kit, 100 Tests",Determine,100,6133,545837,89,0.89,"Alere Medical Co., Ltd.",2483,31306.65,561.12
63555,Côte d'Ivoire,PMO - US,Direct Drop,EXW,Air,21-Mar-13,21-Mar-13,ARV,Adult,MYLAN LABORATORIES LTD (FORMERLY MATRIX LABORATORIES),SKU0119,"Atazanavir/Ritonavir 300/100mg, tablets, 30 Tabs",Generic,30,1270,28575,22.5,0.75,Mylan (formerly Matrix) Nashik,See ASN-18558 (ID#:27015),See ASN-18558 (ID#:27015),40.06
63561,Zimbabwe,PMO - US,Direct Drop,FCA,Air,21-May-15,21-May-15,ARV,Pediatric,ABBVIE LOGISTICS (FORMERLY ABBOTT LOGISTICS BV),SKU0042,"Lopinavir/Ritonavir 80/20mg/ml [Kaletra], oral solution, cool, Bottle 5 x 60 ml",Kaletra,300,6914,213089.48,30.82,0.1,ABBVIE (Abbott) Logis. UK,6090,41141.5,250.81
63568,South Sudan,PMO - US,Direct Drop,EXW,Air,11-Feb-14,11-Feb-14,HRDT,HIV test,"Trinity Biotech, Plc",SKU0009,"HIV 1/2, Uni-Gold HIV Kit, 20 Tests",Uni-Gold,20,18,576,32,1.6,"Trinity Biotech, Plc",See ASN-22955 (ID#:19019),See ASN-22955 (ID#:19019),0.71
63571,Tanzania,PMO - US,Direct Drop,EXW,Air,25-Oct-14,25-Oct-14,HRDT,HIV test,"Trinity Biotech, Plc",SKU0009,"HIV 1/2, Uni-Gold HIV Kit, 20 Tests",Uni-Gold,20,252,8064,32,1.6,"Trinity Biotech, Plc",82,1353.35,8.29
63576,"Congo, DRC",PMO - US,Direct Drop,EXW,Air,5-Sep-14,5-Sep-14,HRDT,HIV test,"Trinity Biotech, Plc",SKU0009,"HIV 1/2, Uni-Gold HIV Kit, 20 Tests",Uni-Gold,20,90,2880,32,1.6,"Trinity Biotech, Plc",See ASN-26738 (ID#:15115),See ASN-26738 (ID#:15115),2.96
63579,South Sudan,PMO - US,Direct Drop,EXW,Air,16-May-13,16-May-13,HRDT,HIV test,"Trinity Biotech, Plc",SKU0009,"HIV 1/2, Uni-Gold HIV Kit, 20 Tests",Uni-Gold,20,125,4000,32,1.6,"Trinity Biotech, Plc",41,1441.21,4.95
63582,South Africa,PMO - US,Direct Drop,DDP,Truck,29-Aug-14,29-Aug-14,ARV,Pediatric,S. BUYS WHOLESALER,SKU0066,"Efavirenz 200mg, capsule, 90 Caps",Generic,90,60,1561.82,26.03,0.29,"Aurobindo Unit III, India",Weight Captured Separately,Freight Included in Commodity Cost,1.93
63608,Kenya,PMO - US,Direct Drop,EXW,Air,5-Sep-12,5-Sep-12,HRDT,HIV test,"Trinity Biotech, Plc",SKU0009,"HIV 1/2, Uni-Gold HIV Kit, 20 Tests",Uni-Gold,20,20000,640000,32,1.6,"Trinity Biotech, Plc",6568,41300.11,897.28
63620,Uganda,PMO - US,Direct Drop,EXW,Air,4-Oct-13,4-Oct-13,HRDT,HIV test,"CHEMBIO DIAGNOSTIC SYSTEMS, INC.",SKU0111,"HIV 1/2, Stat-Pak Dipstick Assay Kit, 30 Tests",Stat-Pak,30,2850,78660,27.6,0.92,Chembio Diagnostics Sys. Inc.,318,4604.83,97.3
63648,Haiti,PMO - US,Direct Drop,CIP,Air,11-May-11,11-May-11,ARV,Adult,MERCK SHARP & DOHME IDEA GMBH (FORMALLY MERCK SHARP & DOHME B.V.),SKU0094,"Indinavir 400mg [Crixivan], capsules, 180 Caps",Crixivan,180,28,1400,50,0.28,"MSD, Haarlem, NL",7,290,3.02
63652,Tanzania,PMO - US,Direct Drop,EXW,Air,7-Dec-12,7-Dec-12,HRDT,HIV test,"Orgenics, Ltd",SKU0002,"HIV 1/2, Determine Complete HIV Kit, 100 Tests",Determine,100,2744,219520,80,0.8,"Alere Medical Co., Ltd.",1303,22317.25,307.77
63697,South Africa,PMO - US,Direct Drop,DDP,Air,15-Jul-10,15-Jul-10,ARV,Adult,STRIDES ARCOLAB LIMITED,SKU0003,"Lamivudine 150mg, tablets, 60 Tabs",Generic,60,333334,856668.38,2.57,0.04,"Strides, Bangalore, India.",16496,25285.11,1846.98
63719,Uganda,PMO - US,Direct Drop,EXW,Air,14-Oct-14,14-Oct-14,HRDT,HIV test,"CHEMBIO DIAGNOSTIC SYSTEMS, INC.",SKU0111,"HIV 1/2, Stat-Pak Dipstick Assay Kit, 30 Tests",Stat-Pak,30,800,22080,27.6,0.92,Chembio Diagnostics Sys. Inc.,86,798.43,22.7
63749,Nigeria,PMO - US,Direct Drop,EXW,Air,18-Sep-13,19-Sep-13,HRDT,HIV test,"Orgenics, Ltd",SKU0002,"HIV 1/2, Determine Complete HIV Kit, 100 Tests",Determine,100,3040,270560,89,0.89,"Alere Medical Co., Ltd.",1235,13383.47,334.68
63757,Mozambique,PMO - US,Direct Drop,EXW,Air,4-Sep-12,4-Sep-12,HRDT,HIV test,"Orgenics, Ltd",SKU0002,"HIV 1/2, Determine Complete HIV Kit, 100 Tests",Determine,100,6000,480000,80,0.8,"Alere Medical Co., Ltd.",2862,52239.49,672.96
63782,South Africa,PMO - US,Direct Drop,DDP,Ocean,2-Nov-11,2-Nov-11,ARV,Adult,EMCURE PHARMACEUTICALS LTD,SKU0026,"Efavirenz 600mg, tablets, 30 Tabs",Generic,30,113020,485986,4.3,0.14,"Emcure Plot No.P-2, I.T-B.T. Park, Phase II, MIDC, Hinjwadi, Pune, India",8826,7609.7,801.88
63802,South Africa,PMO - US,Direct Drop,DDP,Ocean,5-Apr-11,5-Apr-11,ARV,Adult,STRIDES ARCOLAB LIMITED,SKU0007,"Nevirapine 200mg, tablets, 60 Tabs",Generic,60,65072,186756.64,2.87,0.05,"Strides, Bangalore, India.",4194,17278.96,402.65
63807,Côte d'Ivoire,PMO - US,Direct Drop,EXW,Air,3-Jan-14,3-Jan-14,ARV,Pediatric,Aurobindo Pharma Limited,SKU0120,"Nevirapine 50mg, dispersible tablets (tablets for oral suspension), 30 Tabs",Generic,30,6500,8125,1.25,0.04,"Aurobindo Unit III, India",406,4837.38,10.05
63817,Haiti,PMO - US,Direct Drop,EXW,Ocean,3-Jul-12,3-Jul-12,ARV,Adult,MYLAN LABORATORIES LTD (FORMERLY MATRIX LABORATORIES),SKU0113,"Efavirenz/Lamivudine/Tenofovir Disoproxil Fumarate 600/300/300mg, tablets, 30 Tabs",Generic,30,47970,676377,14.1,0.47,Mylan (formerly Matrix) Nashik,5438,23708.81,948.28
63826,Côte d'Ivoire,PMO - US,Direct Drop,FCA,Air,24-Jan-14,24-Jan-14,ARV,Pediatric,ABBVIE LOGISTICS (FORMERLY ABBOTT LOGISTICS BV),SKU0042,"Lopinavir/Ritonavir 80/20mg/ml [Kaletra], oral solution, cool, Bottle 5 x 60 ml",Kaletra,300,340,10478.8,30.82,0.1,ABBVIE (Abbott) Logis. UK,336,3899.33,12.96
63894,Côte d'Ivoire,PMO - US,Direct Drop,EXW,Air,8-Jul-14,8-Jul-14,HRDT,HIV test,"Standard Diagnostics, Inc.",SKU0019,"HIV 1/2, Bioline 3.0 Kit, Lancets, Capillary pipets, Alcohol swabs included, 25 Tests",Bioline,25,400,8200,20.5,0.82,"Standard Diagnostics, Korea",125,2033.62,8.43
63907,Guatemala,PMO - US,Direct Drop,DDU,Air,12-Sep-11,12-Sep-11,ARV,Pediatric,IDIS LIMITED,SKU0028,"Didanosine 25mg [Videx], chewable tablets, 60 Tabs",Videx,60,150,6843,45.62,0.76,"BMS Meymac, France",Weight Captured Separately,Freight Included in Commodity Cost,11.29
63915,Vietnam,PMO - US,Direct Drop,EXW,Air,29-Nov-12,29-Nov-12,ARV,Adult,Aurobindo Pharma Limited,SKU0026,"Efavirenz 600mg, tablets, 30 Tabs",Generic,30,15881,52407.3,3.3,0.11,"Aurobindo Unit III, India",See ASN-17075 (ID#:20697),See ASN-17075 (ID#:20697),73.48
63939,Côte d'Ivoire,PMO - US,Direct Drop,EXW,Air,1-Dec-11,1-Dec-11,HRDT,HIV test,"CHEMBIO DIAGNOSTIC SYSTEMS, INC.",SKU0016,"HIV 1/2, Stat-Pak HIV, Kit, 20 Tests",Stat-Pak,20,167,4843,29,1.45,Chembio Diagnostics Sys. Inc.,50,1128.74,7.99
63956,Namibia,PMO - US,Direct Drop,EXW,Air,22-Oct-14,22-Oct-14,ARV,Adult,HETERO LABS LIMITED,SKU0107,"Lamivudine/Tenofovir Disoproxil Fumarate 300/300mg, tablets, 30 Tabs",Generic,30,2910,13444.2,4.62,0.15,Hetero Unit III Hyderabad IN,352,2429.39,13.82
63988,"Congo, DRC",PMO - US,Direct Drop,EXW,Air,20-Sep-13,20-Sep-13,HRDT,HIV test - Ancillary,"Orgenics, Ltd",SKU0136,"Chase Buffer, Determine, 100 Tests, 2.5ml x 1 Vial",Determine,1,2407,12035,5,5,"Alere Medical Co., Ltd.",See ASN-20472 (ID#:38266),See ASN-20472 (ID#:38266),14.89
63998,Cameroon,PMO - US,Direct Drop,EXW,Air,2-Dec-14,2-Dec-14,HRDT,HIV test,"Orgenics, Ltd",SKU0002,"HIV 1/2, Determine Complete HIV Kit, 100 Tests",Determine,100,120,9600,80,0.8,"Alere Medical Co., Ltd.",55,846.69,9.87
64003,Côte d'Ivoire,PMO - US,Direct Drop,EXW,Air,17-Aug-09,17-Aug-09,HRDT,HIV test,"Standard Diagnostics, Inc.",SKU0086,"HIV 1/2, Bioline 3.0 Kit, (no accessories), 30 Tests",Bioline,30,1800,43200,24,0.8,"Standard Diagnostics, Korea",560,5180.34,84.67
64004,Haiti,PMO - US,Direct Drop,EXW,Air,7-Dec-10,7-Dec-10,HRDT,HIV test,"SHANGHAI KEHUA BIOENGINEERING CO.,LTD.  (KHB)",SKU0063,"HIV 1/2, SKB Colloidal Gold, Diagnostic Kit, Antibody, 50 Tests",Colloidal Gold,1,360,8280,23,23,"KHB Test Kit Facility, Shanghai China",261,3135.97,17.85
64020,South Africa,PMO - US,Direct Drop,DDP,Ocean,4-Mar-11,4-Mar-11,ARV,Pediatric,Aurobindo Pharma Limited,SKU0130,"Lamivudine 10mg/ml, oral solution w/syringe, Bottle, 240 ml",Generic,240,48264,97493.28,2.02,0.01,"Aurobindo Unit III, India",17436,10446.36,210.2
64021,Botswana,PMO - US,Direct Drop,EXW,Air,10-Sep-12,10-Sep-12,HRDT,HIV test,"SHANGHAI KEHUA BIOENGINEERING CO.,LTD.  (KHB)",SKU0063,"HIV 1/2, SKB Colloidal Gold, Diagnostic Kit, Antibody, 50 Tests",Colloidal Gold,1,1600,39200,24.5,24.5,"KHB Test Kit Facility, Shanghai China",1111,8542.94,54.96
64051,Rwanda,PMO - US,Direct Drop,EXW,Air,17-Nov-10,17-Nov-10,HRDT,HIV test,"Orgenics, Ltd",SKU0017,"HIV 1/2, Determine HIV Kit, without Lancets, 100 Tests",Determine,100,5000,388500,77.7,0.78,Inverness Japan,1134,50550.58,837.61
64087,Nigeria,PMO - US,Direct Drop,EXW,Air,3-Jul-12,3-Jul-12,ACT,ACT,NOVARTIS PHARMA SERVICES AG,SKU0128,"Artemether/Lumefantrine 20/120mg [Coartem], scored tablets, Blister 30 x 24 Tabs",Coartem,720,2500,132000,52.8,0.07,"Novartis Pharma Suffern, USA",1746,11216.78,185.06
64108,Nigeria,PMO - US,Direct Drop,EXW,Air,6-Nov-12,6-Nov-12,HRDT,HIV test,"Orgenics, Ltd",SKU0002,"HIV 1/2, Determine Complete HIV Kit, 100 Tests",Determine,100,2835,252315,89,0.89,"Alere Medical Co., Ltd.",1352,30726.22,353.75
64183,Mozambique,PMO - US,Direct Drop,EXW,Air,1-Oct-14,1-Oct-14,ARV,Adult,B&C GROUP S.A.,SKU0121,"Darunavir 600mg [Prezista], tablets, 60 Tabs",Prezista,60,80,5328,66.6,1.11,"Janssen-Cilag, Latina, IT",13,277.4,5.48
64208,Vietnam,PMO - US,Direct Drop,EXW,Air,3-Sep-15,3-Sep-15,ARV,Adult,HETERO LABS LIMITED,SKU0113,"Efavirenz/Lamivudine/Tenofovir Disoproxil Fumarate 600/300/300mg, tablets, 30 Tabs",Generic,30,13736,130492,9.5,0.32,Hetero Unit III Hyderabad IN,See ASN-33269 (ID#:25323),See ASN-33269 (ID#:25323),153.59
64218,Namibia,PMO - US,Direct Drop,EXW,Air,12-Nov-09,12-Nov-09,HRDT,HIV test,"Orgenics, Ltd",SKU0017,"HIV 1/2, Determine HIV Kit, without Lancets, 100 Tests",Determine,100,180,12600,70,0.7,Inverness Japan,42,2863.47,24.7
64238,Haiti,PMO - US,Direct Drop,EXW,Ocean,7-Aug-13,7-Aug-13,ARV,Pediatric,Aurobindo Pharma Limited,SKU0174,"Stavudine 1mg/ml, powder for oral solution w/syringe, 200 ml",Generic,200,300,375,1.25,0.01,"Aurobindo Unit III, India",See ASN-18919 (ID#:14578),See ASN-18919 (ID#:14578),0.46
64262,Nigeria,PMO - US,Direct Drop,EXW,Air,7-Nov-13,11-Nov-13,HRDT,HIV test,"Orgenics, Ltd",SKU0002,"HIV 1/2, Determine Complete HIV Kit, 100 Tests",Determine,100,3056,271984,89,0.89,"Alere Medical Co., Ltd.",1241,20602.3,336.44
64304,Haiti,PMO - US,Direct Drop,EXW,Air,14-Apr-14,14-Apr-14,HRDT,HIV test,"Orgenics, Ltd",SKU0002,"HIV 1/2, Determine Complete HIV Kit, 100 Tests",Determine,100,4000,400000,100,1,"Alere Medical Co., Ltd.",1624,15537.04,411.2
64319,Nigeria,PMO - US,Direct Drop,EXW,Air,6-Nov-12,7-Nov-12,HRDT,HIV test,"Orgenics, Ltd",SKU0002,"HIV 1/2, Determine Complete HIV Kit, 100 Tests",Determine,100,2835,252315,89,0.89,"Alere Medical Co., Ltd.",1352,30726.22,353.75
64320,Swaziland,PMO - US,Direct Drop,EXW,Air,19-Feb-15,19-Feb-15,HRDT,HIV test - Ancillary,"Orgenics, Ltd",SKU0136,"Chase Buffer, Determine, 100 Tests, 2.5ml x 1 Vial",Determine,1,39,195,5,5,"Alere Medical Co., Ltd.",See ASN-29141 (ID#:63419),See ASN-29141 (ID#:63419),0.2
64329,Côte d'Ivoire,PMO - US,Direct Drop,FCA,Air,24-Sep-13,24-Sep-13,ARV,Pediatric,ABBVIE LOGISTICS (FORMERLY ABBOTT LOGISTICS BV),SKU0042,"Lopinavir/Ritonavir 80/20mg/ml [Kaletra], oral solution, cool, Bottle 5 x 60 ml",Kaletra,300,340,10478.8,30.82,0.1,ABBVIE (Abbott) Logis. UK,336,5755.58,12.96
64335,Mozambique,PMO - US,Direct Drop,EXW,Air,23-Feb-10,23-Feb-10,HRDT,HIV test,"Trinity Biotech, Plc",SKU0009,"HIV 1/2, Uni-Gold HIV Kit, 20 Tests",Uni-Gold,20,2400,76800,32,1.6,"Trinity Biotech, Plc",See ASN-5953 (ID#:39606),See ASN-5953 (ID#:39606),165.58
64351,South Africa,PMO - US,Direct Drop,DDP,Ocean,10-Oct-11,10-Oct-11,ARV,Adult,Aurobindo Pharma Limited,SKU0026,"Efavirenz 600mg, tablets, 30 Tabs",Generic,30,90273,407131.23,4.51,0.15,"Aurobindo Unit III, India",Weight Captured Separately,Freight Included in Commodity Cost,671.77
64352,Uganda,PMO - US,Direct Drop,EXW,Air,14-May-15,14-May-15,HRDT,HIV test,"Trinity Biotech, Plc",SKU0009,"HIV 1/2, Uni-Gold HIV Kit, 20 Tests",Uni-Gold,20,2600,83200,32,1.6,"Trinity Biotech, Plc",775,6164.1,97.93
64363,Mozambique,PMO - US,Direct Drop,EXW,Air,2-May-12,2-May-12,HRDT,HIV test,"Orgenics, Ltd",SKU0002,"HIV 1/2, Determine Complete HIV Kit, 100 Tests",Determine,100,3094,247520,80,0.8,"Alere Medical Co., Ltd.",1477,27686.29,408.41
64367,Sudan,PMO - US,Direct Drop,EXW,Air,20-Feb-12,20-Feb-12,HRDT,HIV test - Ancillary,"Orgenics, Ltd",SKU0084,"Capillary Tubes, for Determine, EDTA, 50uL,100 Pcs",Determine,100,4,32,8,0.08,"Alere Medical Co., Ltd.",2,1076.15,0.05
64369,Zimbabwe,PMO - US,Direct Drop,FCA,Air,12-Jan-15,12-Jan-15,ARV,Pediatric,ABBVIE LOGISTICS (FORMERLY ABBOTT LOGISTICS BV),SKU0045,"Lopinavir/Ritonavir 100/25mg [Aluvia], tablets, 60 Tabs",Generic,60,9253,54962.82,5.94,0.1,ABBVIE Ludwigshafen Germany,1065,11368.84,56.5
64371,South Africa,PMO - US,Direct Drop,DDP,Truck,19-Feb-15,19-Feb-15,ARV,Adult,PHARMACY DIRECT,SKU0069,"Didanosine 250mg, delayed-release capsules, 30 Caps",Generic,30,3,45.74,15.25,0.51,"Aurobindo Unit III, India",Weight Captured Separately,Freight Included in Commodity Cost,0.05
64377,Vietnam,PMO - US,Direct Drop,EXW,Air,31-Mar-15,31-Mar-15,ARV,Adult,HETERO LABS LIMITED,SKU0007,"Nevirapine 200mg, tablets, 60 Tabs",Generic,60,7700,16632,2.16,0.04,Hetero Unit III Hyderabad IN,See ASN-30940 (ID#:51233),See ASN-30940 (ID#:51233),19.58
64405,South Africa,PMO - US,Direct Drop,DDP,Truck,27-Aug-14,27-Aug-14,ARV,Adult,S. BUYS WHOLESALER,SKU0058,"Abacavir 300mg, tablets, 60 Tabs",Generic,60,47,3625.9,77.15,1.29,"Aurobindo Unit III, India",Weight Captured Separately,Freight Included in Commodity Cost,4.49
64427,"Congo, DRC",PMO - US,Direct Drop,EXW,Air,23-Jul-15,23-Jul-15,HRDT,HIV test,"Orgenics, Ltd",SKU0002,"HIV 1/2, Determine Complete HIV Kit, 100 Tests",Determine,100,97,7760,80,0.8,"Alere Medical Co., Ltd.",See ASN-32231 (ID#:13648),See ASN-32231 (ID#:13648),9.13
64438,Vietnam,PMO - US,Direct Drop,FCA,Air,29-Oct-14,29-Oct-14,ARV,Adult,ABBVIE LOGISTICS (FORMERLY ABBOTT LOGISTICS BV),SKU0008,"Lopinavir/Ritonavir 200/50mg [Aluvia], tablets, 120 Tabs",Aluvia,120,7000,425740,60.82,0.51,ABBVIE Ludwigshafen Germany,1714,4881.42,437.66
64452,Haiti,PMO - US,Direct Drop,EXW,Air,20-Aug-13,20-Aug-13,ARV,Adult,HETERO LABS LIMITED,SKU0104,"Lamivudine/Stavudine 150/30mg, tablets, 60 Tabs",Generic,60,384,956.16,2.49,0.04,Hetero Unit III Hyderabad IN,30,1180.73,1.18
64493,Kenya,PMO - US,Direct Drop,EXW,Air,12-Nov-10,12-Nov-10,HRDT,HIV test,"Orgenics, Ltd",SKU0002,"HIV 1/2, Determine Complete HIV Kit, 100 Tests",Determine,100,7243,644627,89,0.89,Inverness Japan,1247,13765.81,1389.82
64506,Mozambique,PMO - US,Direct Drop,EXW,Air,29-Sep-09,29-Sep-09,HRDT,HIV test,"Trinity Biotech, Plc",SKU0009,"HIV 1/2, Uni-Gold HIV Kit, 20 Tests",Uni-Gold,20,4200,134400,32,1.6,"Trinity Biotech, Plc",1462,23097.81,263.42
64545,Nigeria,PMO - US,Direct Drop,EXW,Air,7-Jul-11,12-Jul-11,HRDT,HIV test,"Orgenics, Ltd",SKU0002,"HIV 1/2, Determine Complete HIV Kit, 100 Tests",Determine,100,2128,189392,89,0.89,Inverness Japan,1022,23826.25,312.5
64553,Rwanda,PMO - US,Direct Drop,EXW,Air,13-Dec-13,13-Dec-13,ARV,Adult,Aurobindo Pharma Limited,SKU0152,"Abacavir/Lamivudine 600/300mg, tablets, 30 Tabs",Generic,30,14000,203000,14.5,0.48,"Aurobindo Unit III, India",1428,9061.84,251.11
64558,Uganda,PMO - US,Direct Drop,EXW,Air,16-Nov-13,16-Nov-13,ARV,Adult,CIPLA LIMITED,SKU0054,"Lamivudine/Nevirapine/Zidovudine 150/200/300mg, tablets, 60 Tabs",Generic,60,39449,319536.9,8.1,0.13,"Cipla, Goa, India",5714,20416.03,395.27
64588,Côte d'Ivoire,PMO - US,Direct Drop,FCA,Air,7-Apr-10,7-Apr-10,ARV,Adult,ABBVIE LOGISTICS (FORMERLY ABBOTT LOGISTICS BV),SKU0052,"Ritonavir 100mg [Norvir], capsules, cool, 4 x 84 Caps",Norvir,336,680,26084.8,38.36,0.11,ABBVIE (Abbott) Logis. UK,1299,9689.81,51.13
64594,Haiti,PMO - US,Direct Drop,FCA,Air,24-Apr-15,24-Apr-15,ARV,Pediatric,ABBVIE LOGISTICS (FORMERLY ABBOTT LOGISTICS BV),SKU0042,"Lopinavir/Ritonavir 80/20mg/ml [Kaletra], oral solution, cool, Bottle 5 x 60 ml",Kaletra,300,610,18800.2,30.82,0.1,ABBVIE (Abbott) Logis. UK,708,3428.37,19.33
64603,"Congo, DRC",PMO - US,Direct Drop,EXW,Air,11-Aug-14,11-Aug-14,HRDT,HIV test,"Orgenics, Ltd",SKU0002,"HIV 1/2, Determine Complete HIV Kit, 100 Tests",Determine,100,3125,250000,80,0.8,"Alere Medical Co., Ltd.",1581,40965.77,257
64615,Uganda,PMO - US,Direct Drop,FCA,Air,26-Aug-14,26-Aug-14,ARV,Adult,ABBVIE LOGISTICS (FORMERLY ABBOTT LOGISTICS BV),SKU0110,"Ritonavir 100mg [Norvir], film coated tablets, 60 Tabs",Norvir,60,579,3966.15,6.85,0.11,ABBVIE Ludwigshafen Germany,103,1393.29,4.08
64617,South Africa,PMO - US,Direct Drop,DDP,Truck,24-Jul-15,24-Jul-15,ARV,Pediatric,PHARMACY DIRECT,SKU0071,"Abacavir 20mg/ml, oral solution, Bottle, 240 ml",Generic,240,25,474.97,19,0.08,"Aurobindo Unit III, India",Weight Captured Separately,Freight Included in Commodity Cost,0.49
64635,Haiti,PMO - US,Direct Drop,EXW,Ocean,2-Sep-13,2-Sep-13,ARV,Adult,HETERO LABS LIMITED,SKU0107,"Lamivudine/Tenofovir Disoproxil Fumarate 300/300mg, tablets, 30 Tabs",Generic,30,19152,88482.24,4.62,0.15,Hetero Unit III Hyderabad IN,8351,6806.86,109.45
64660,Guyana,PMO - US,Direct Drop,EXW,Air,1-Jul-13,1-Jul-13,ARV,Pediatric,Aurobindo Pharma Limited,SKU0049,"Efavirenz 50mg, capsule, 30 Caps",Generic,30,69,154.56,2.24,0.07,"Aurobindo Unit III, India",See ASN-20003 (ID#:38247),See ASN-20003 (ID#:38247),0.19
64664,South Africa,PMO - US,Direct Drop,DDP,Ocean,5-Oct-11,5-Oct-11,ARV,Adult,Aurobindo Pharma Limited,SKU0058,"Abacavir 300mg, tablets, 60 Tabs",Generic,60,120,1791.6,14.93,0.25,"Aurobindo Unit III, India",12,160.52,2.96
64667,South Sudan,PMO - US,Direct Drop,EXW,Air,3-Jun-15,3-Jun-15,HRDT,HIV test - Ancillary,"Orgenics, Ltd",SKU0084,"Capillary Tubes, for Determine, EDTA, 50uL,100 Pcs",Determine,100,100,800,8,0.08,"Alere Medical Co., Ltd.",See ASN-31338 (ID#:38992),See ASN-31338 (ID#:38992),0.94
64685,Guyana,PMO - US,Direct Drop,EXW,Air,17-Jul-13,17-Jul-13,HRDT,HIV test,"CHEMBIO DIAGNOSTIC SYSTEMS, INC.",SKU0016,"HIV 1/2, Stat-Pak HIV, Kit, 20 Tests",Stat-Pak,20,25,725,29,1.45,Chembio Diagnostics Sys. Inc.,7,130,0.9
64709,Haiti,PMO - US,Direct Drop,CIP,Air,13-Feb-12,13-Feb-12,ARV,Adult,MERCK SHARP & DOHME IDEA GMBH (FORMALLY MERCK SHARP & DOHME B.V.),SKU0094,"Indinavir 400mg [Crixivan], capsules, 180 Caps",Crixivan,180,28,1400,50,0.28,"MSD, Haarlem, NL",7,290,2.31
64724,Uganda,PMO - US,Direct Drop,EXW,Air,30-Jul-14,30-Jul-14,HRDT,HIV test,"CHEMBIO DIAGNOSTIC SYSTEMS, INC.",SKU0016,"HIV 1/2, Stat-Pak HIV, Kit, 20 Tests",Stat-Pak,20,2388,74028,31,1.55,Chembio Diagnostics Sys. Inc.,740,5718.39,76.1
64757,Haiti,PMO - US,Direct Drop,EXW,Ocean,9-May-14,9-May-14,ARV,Adult,HETERO LABS LIMITED,SKU0113,"Efavirenz/Lamivudine/Tenofovir Disoproxil Fumarate 600/300/300mg, tablets, 30 Tabs",Generic,30,39600,415800,10.5,0.35,Hetero Unit III Hyderabad IN,5986,2549.52,514.34
64824,Nigeria,PMO - US,Direct Drop,EXW,Air,2-Jun-15,2-Jun-15,ARV,Adult,EMCURE PHARMACEUTICALS LTD,SKU0119,"Atazanavir/Ritonavir 300/100mg, tablets, 30 Tabs",Generic,30,10717,192906,18,0.6,"Emcure Plot No.P-2, I.T-B.T. Park, Phase II, MIDC, Hinjwadi, Pune, India",1400,11732.9,198.31
64832,"Congo, DRC",PMO - US,Direct Drop,EXW,Air,11-Aug-14,11-Aug-14,HRDT,HIV test - Ancillary,"Orgenics, Ltd",SKU0136,"Chase Buffer, Determine, 100 Tests, 2.5ml x 1 Vial",Determine,1,3438,17190,5,5,"Alere Medical Co., Ltd.",See ASN-26736 (ID#:64603),See ASN-26736 (ID#:64603),17.67
64850,South Africa,PMO - US,Direct Drop,DDP,Air,27-Jul-10,27-Jul-10,ARV,Adult,STRIDES ARCOLAB LIMITED,SKU0007,"Nevirapine 200mg, tablets, 60 Tabs",Generic,60,85111,246821.9,2.9,0.05,"Strides, Bangalore, India.",5437,9205.05,532.15
64864,Ethiopia,PMO - US,Direct Drop,EXW,Air,27-Apr-15,27-Apr-15,HRDT,HIV test,"CHEMBIO DIAGNOSTIC SYSTEMS, INC.",SKU0016,"HIV 1/2, Stat-Pak HIV, Kit, 20 Tests",Stat-Pak,20,360,11700,32.5,1.62,Chembio Diagnostics Sys. Inc.,112,1414.69,13.77
64903,South Africa,PMO - US,Direct Drop,DDP,Truck,24-Jul-15,24-Jul-15,ARV,Adult,PHARMACY DIRECT,SKU0027,"Saquinavir 200mg [Invirase], capsules, 270 Caps",Invirase,270,27,1611.22,59.67,0.22,Roche Madrid,Weight Captured Separately,Freight Included in Commodity Cost,1.66
64904,Nigeria,PMO - US,Direct Drop,EXW,Air,9-Jan-13,9-Jan-13,HRDT,HIV test,"Orgenics, Ltd",SKU0002,"HIV 1/2, Determine Complete HIV Kit, 100 Tests",Determine,100,2744,244216,89,0.89,"Alere Medical Co., Ltd.",1186,24927.19,342.39
64913,"Congo, DRC",PMO - US,Direct Drop,EXW,Air,5-Sep-14,5-Sep-14,HRDT,HIV test,"Trinity Biotech, Plc",SKU0009,"HIV 1/2, Uni-Gold HIV Kit, 20 Tests",Uni-Gold,20,32,1024,32,1.6,"Trinity Biotech, Plc",See ASN-26738 (ID#:15115),See ASN-26738 (ID#:15115),1.05
64936,Vietnam,PMO - US,Direct Drop,FCA,Air,3-Oct-13,3-Oct-13,ARV,Adult,ABBVIE LOGISTICS (FORMERLY ABBOTT LOGISTICS BV),SKU0008,"Lopinavir/Ritonavir 200/50mg [Aluvia], tablets, 120 Tabs",Aluvia,120,3434,208855.88,60.82,0.51,ABBVIE Ludwigshafen Germany,826,3315.82,258.35
64946,Ghana,PMO - US,Direct Drop,EXW,Air,10-Apr-15,10-Apr-15,ARV,Pediatric,MYLAN LABORATORIES LTD (FORMERLY MATRIX LABORATORIES),SKU0138,"Abacavir/Lamivudine 60/30mg, tablets, 60 Tabs",Generic,60,9073,35838.35,3.95,0.07,Mylan (formerly Matrix) Nashik,437,4659.75,36.84
64989,South Sudan,PMO - US,Direct Drop,EXW,Air,29-Jun-13,29-Jun-13,HRDT,HIV test,"Trinity Biotech, Plc",SKU0009,"HIV 1/2, Uni-Gold HIV Kit, 20 Tests",Uni-Gold,20,125,4000,32,1.6,"Trinity Biotech, Plc",40,1412.9,4.95
64995,Nigeria,PMO - US,Direct Drop,EXW,Air,23-Dec-13,10-Dec-13,HRDT,HIV test,"Orgenics, Ltd",SKU0002,"HIV 1/2, Determine Complete HIV Kit, 100 Tests",Determine,100,9330,830370,89,0.89,"Alere Medical Co., Ltd.",3787,61637.1,1027.17
65002,Haiti,PMO - US,Direct Drop,EXW,Air,24-Jan-14,24-Jan-14,ARV,Adult,MYLAN LABORATORIES LTD (FORMERLY MATRIX LABORATORIES),SKU0119,"Atazanavir/Ritonavir 300/100mg, tablets, 30 Tabs",Generic,30,3905,78100,20,0.67,Mylan (formerly Matrix) Nashik,See ASN-22712 (ID#:47413),See ASN-22712 (ID#:47413),96.61
65005,Rwanda,PMO - US,Direct Drop,FCA,Air,2-Feb-12,2-Feb-12,ARV,Pediatric,ABBVIE LOGISTICS (FORMERLY ABBOTT LOGISTICS BV),SKU0045,"Lopinavir/Ritonavir 100/25mg [Aluvia], tablets, 60 Tabs",Generic,60,1305,10061.55,7.71,0.13,ABBVIE Ludwigshafen Germany,150,2682.48,16.6
65033,Vietnam,PMO - US,Direct Drop,EXW,Air,7-Sep-15,7-Sep-15,ARV,Adult,HETERO LABS LIMITED,SKU0007,"Nevirapine 200mg, tablets, 60 Tabs",Generic,60,3000,6480,2.16,0.04,Hetero Unit III Hyderabad IN,See ASN-33146 (ID#:44860),See ASN-33146 (ID#:44860),7.63
65037,South Africa,PMO - US,Direct Drop,DDP,Truck,31-May-10,31-May-10,ARV,Pediatric,S. BUYS WHOLESALER,SKU0077,"Zidovudine 100mg [Retrovir], capsules, 100 Caps",Retrovir,100,40,544.11,13.6,0.14,GSK Crawley,Weight Captured Separately,Freight Included in Commodity Cost,1.17
65049,Haiti,PMO - US,Direct Drop,EXW,Air,8-Apr-10,8-Apr-10,ARV,Adult,Aurobindo Pharma Limited,SKU0135,"Lopinavir/Ritonavir 200/50mg, tablets, 120 Tabs",Generic,120,740,27750,37.5,0.31,"Aurobindo Unit III, India",183,2418.62,59.83
65050,Nigeria,PMO - US,Direct Drop,EXW,Air,7-Nov-13,11-Nov-13,HRDT,HIV test,"Orgenics, Ltd",SKU0002,"HIV 1/2, Determine Complete HIV Kit, 100 Tests",Determine,100,3076,273764,89,0.89,"Alere Medical Co., Ltd.",1249,20705.23,338.65
66094,Nigeria,PMO - US,Direct Drop,EXW,Air,14-Apr-14,14-Apr-14,ARV,Adult,Aurobindo Pharma Limited,SKU0014,"Zidovudine 300mg, tablets, 60 Tabs",Generic,60,25932,140810.76,5.43,0.09,"Aurobindo Unit III, India",1548,11663.16,144.75
65081,Vietnam,PMO - US,Direct Drop,EXW,Air,16-Sep-14,23-Sep-14,ARV,Adult,HETERO LABS LIMITED,SKU0113,"Efavirenz/Lamivudine/Tenofovir Disoproxil Fumarate 600/300/300mg, tablets, 30 Tabs",Generic,30,14016,147168,10.5,0.35,Hetero Unit III Hyderabad IN,1955,6194.69,151.29
65091,Zimbabwe,PMO - US,Direct Drop,FCA,Air,22-Apr-15,22-Apr-15,ARV,Pediatric,ABBVIE LOGISTICS (FORMERLY ABBOTT LOGISTICS BV),SKU0045,"Lopinavir/Ritonavir 100/25mg [Aluvia], tablets, 60 Tabs",Generic,60,14322,85072.68,5.94,0.1,ABBVIE Ludwigshafen Germany,See ASN-31449 (ID#:41304),See ASN-31449 (ID#:41304),100.13
65095,Kenya,PMO - US,Direct Drop,EXW,Air,18-Aug-11,18-Aug-11,HRDT,HIV test,"Trinity Biotech, Plc",SKU0009,"HIV 1/2, Uni-Gold HIV Kit, 20 Tests",Uni-Gold,20,385,12320,32,1.6,"Trinity Biotech, Plc",129,2039.73,20.33
65111,Guyana,PMO - US,Direct Drop,FCA,Air,3-Mar-14,3-Mar-14,ARV,Pediatric,ABBVIE LOGISTICS (FORMERLY ABBOTT LOGISTICS BV),SKU0042,"Lopinavir/Ritonavir 80/20mg/ml [Kaletra], oral solution, cool, Bottle 5 x 60 ml",Kaletra,300,23,1398.86,60.82,0.2,ABBVIE (Abbott) Logis. UK,53,926.13,1.44
65120,Guyana,PMO - US,Direct Drop,EXW,Air,29-Jul-13,29-Jul-13,HRDT,HIV test,"Orgenics, Ltd",SKU0002,"HIV 1/2, Determine Complete HIV Kit, 100 Tests",Determine,100,655,65500,100,1,"Alere Medical Co., Ltd.",2,5110.28,81.02
65132,Botswana,PMO - US,Direct Drop,EXW,Air,1-Mar-10,1-Mar-10,HRDT,HIV test,Orasure Technologies Inc.,SKU0018,"HIV 1/2, OraQuick Advance HIV Rapid Antibody Kit, 100 Tests",OraQuick,100,20,7000,350,3.5,"Pacific Biotech, Thailand",48,1681.44,13.72
65156,"Congo, DRC",PMO - US,Direct Drop,EXW,Air,4-Nov-14,4-Nov-14,HRDT,HIV test,"Trinity Biotech, Plc",SKU0009,"HIV 1/2, Uni-Gold HIV Kit, 20 Tests",Uni-Gold,20,73,2336,32,1.6,"Trinity Biotech, Plc",See ASN-28279 (ID#:13547),See ASN-28279 (ID#:13547),2.4
65165,South Africa,PMO - US,Direct Drop,DDP,Ocean,7-Dec-11,6-Dec-11,ARV,Pediatric,CIPLA LIMITED,SKU0048,"Lamivudine 10mg/ml, oral solution, Bottle, 240 ml",Generic,240,40040,82482.4,2.06,0.01,"Cipla, Goa, India",Weight Captured Separately,Freight Included in Commodity Cost,136.1
65180,Dominican Republic,PMO - US,Direct Drop,EXW,Air,12-Sep-11,12-Sep-11,HRDT,HIV test - Ancillary,"Standard Diagnostics, Inc.",SKU0116,"HIV 1/2, Bioline 3.0 Diluent, 25 Tests, Bottle x 5 ml",Bioline,1,164,147.6,0.9,0.9,"Standard Diagnostics, Korea",See ASN-11929 (ID#:61871),See ASN-11929 (ID#:61871),0.24
65186,Vietnam,PMO - US,Direct Drop,EXW,Air,3-Apr-13,3-Apr-13,ARV,Adult,HETERO LABS LIMITED,SKU0011,"Lamivudine/Zidovudine 150/300mg, tablets, 60 Tabs",Generic,60,11623,81361,7,0.12,Hetero Unit III Hyderabad IN,See ASN-18662 (ID#:38299),See ASN-18662 (ID#:38299),100.64
65191,Tanzania,PMO - US,Direct Drop,EXW,Air,17-Nov-09,17-Nov-09,HRDT,HIV test,"Trinity Biotech, Plc",SKU0009,"HIV 1/2, Uni-Gold HIV Kit, 20 Tests",Uni-Gold,20,670,21440,32,1.6,"Trinity Biotech, Plc",234,3163.87,42.02
65219,Zimbabwe,PMO - US,Direct Drop,EXW,Air,22-Dec-11,22-Dec-11,HRDT,HIV test,"Orgenics, Ltd",SKU0002,"HIV 1/2, Determine Complete HIV Kit, 100 Tests",Determine,100,1800,144000,80,0.8,"Alere Medical Co., Ltd.",885,17806.34,237.6
65235,Rwanda,PMO - US,Direct Drop,EXW,Air,4-Sep-11,4-Sep-11,HRDT,HIV test,"Orgenics, Ltd",SKU0017,"HIV 1/2, Determine HIV Kit, without Lancets, 100 Tests",Determine,100,7500,582750,77.7,0.78,Inverness Japan,1703,25501.1,961.54
65238,Ethiopia,PMO - US,Direct Drop,EXW,Air,29-Jul-14,29-Jul-14,HRDT,HIV test,"SHANGHAI KEHUA BIOENGINEERING CO.,LTD.  (KHB)",SKU0063,"HIV 1/2, SKB Colloidal Gold, Diagnostic Kit, Antibody, 50 Tests",Colloidal Gold,1,7527,184411.5,24.5,24.5,"KHB Test Kit Facility, Shanghai China",5020,78813.53,189.58
65241,Malawi,PMO - US,Direct Drop,EXW,Air,15-Oct-13,15-Oct-13,HRDT,HIV test,"Trinity Biotech, Plc",SKU0009,"HIV 1/2, Uni-Gold HIV Kit, 20 Tests",Uni-Gold,20,15,480,32,1.6,"Trinity Biotech, Plc",5,572.55,0.59
65243,Haiti,PMO - US,Direct Drop,CIP,Air,30-Mar-11,30-Mar-11,ARV,Adult,BRISTOL-MYERS SQUIBB,SKU0032,"Didanosine EC 400mg [Videx EC], delayed-release capsules, Blister 3 x 10 Caps",Videx EC,30,240,4401.6,18.34,0.61,Bristol-Myers Squibb Anagni IT,12,450,7.26
65261,Nigeria,PMO - US,Direct Drop,EXW,Air,31-Aug-11,31-Aug-11,HRDT,HIV test,"Orgenics, Ltd",SKU0002,"HIV 1/2, Determine Complete HIV Kit, 100 Tests",Determine,100,2520,224280,89,0.89,Inverness Japan,1201,28669.23,370.06
65263,Vietnam,PMO - US,Direct Drop,EXW,Air,31-Mar-15,31-Mar-15,ARV,Adult,HETERO LABS LIMITED,SKU0029,"Tenofovir Disoproxil Fumarate 300mg, tablets, 30 Tabs",Generic,30,8000,28400,3.55,0.12,Hetero Unit III Hyderabad IN,See ASN-30941 (ID#:32306),See ASN-30941 (ID#:32306),29.2
65274,Cameroon,PMO - US,Direct Drop,EXW,Air,18-Oct-13,18-Oct-13,ARV,Adult,Aurobindo Pharma Limited,SKU0054,"Lamivudine/Nevirapine/Zidovudine 150/200/300mg, tablets, 60 Tabs",Generic,60,32190,261704.7,8.13,0.14,"Aurobindo Unit III, India",4093,34441.93,323.73
65280,South Africa,PMO - US,Direct Drop,DDP,Truck,29-Aug-14,29-Aug-14,ARV,Adult,S. BUYS WHOLESALER,SKU0003,"Lamivudine 150mg, tablets, 60 Tabs",Generic,60,783,7639.77,9.76,0.16,Hetero Unit III Hyderabad IN,Weight Captured Separately,Freight Included in Commodity Cost,9.45
65291,Ethiopia,PMO - US,Direct Drop,EXW,Air,28-Aug-12,28-Aug-12,HRDT,HIV test,"Trinity Biotech, Plc",SKU0009,"HIV 1/2, Uni-Gold HIV Kit, 20 Tests",Uni-Gold,20,167,5344,32,1.6,"Trinity Biotech, Plc",60,911.32,7.49
65308,Nigeria,PMO - US,Direct Drop,EXW,Air,5-May-10,15-May-10,HRDT,HIV test,"Orgenics, Ltd",SKU0002,"HIV 1/2, Determine Complete HIV Kit, 100 Tests",Determine,100,1750,140000,80,0.8,Inverness Japan,842,14829.77,301.84
65314,South Africa,PMO - US,Direct Drop,DDP,Truck,13-Aug-14,13-Aug-14,ARV,Pediatric,S. BUYS WHOLESALER,SKU0042,"Lopinavir/Ritonavir 80/20mg/ml [Kaletra], oral solution, cool, Bottle 5 x 60 ml",Kaletra,300,2,46.9,23.45,0.08,ABBVIE (Abbott) Logis. UK,Weight Captured Separately,Freight Included in Commodity Cost,0.06
65323,Tanzania,PMO - US,Direct Drop,EXW,Air,27-Dec-13,27-Dec-13,ARV,Adult,CIPLA LIMITED,SKU0054,"Lamivudine/Nevirapine/Zidovudine 150/200/300mg, tablets, 60 Tabs",Generic,60,53239,431235.9,8.1,0.13,"Cipla, Goa, India",7696,33442.63,533.44
65331,Haiti,PMO - US,Direct Drop,EXW,Air,11-Mar-13,11-Mar-13,ARV,Adult,Aurobindo Pharma Limited,SKU0134,"Didanosine 400mg, delayed-release capsules, 30 Caps",Generic,30,240,4800,20,0.67,"Aurobindo Unit III, India",19,971.7,5.94
65349,South Africa,PMO - US,Direct Drop,DDP,Ocean,1-Dec-11,1-Dec-11,ARV,Adult,EMCURE PHARMACEUTICALS LTD,SKU0026,"Efavirenz 600mg, tablets, 30 Tabs",Generic,30,96224,413763.2,4.3,0.14,"Emcure Plot No.P-2, I.T-B.T. Park, Phase II, MIDC, Hinjwadi, Pune, India",7556,9582.53,682.71
65359,South Africa,PMO - US,Direct Drop,DDP,Truck,24-Jul-15,24-Jul-15,ARV,Adult,PHARMACY DIRECT,SKU0129,"Raltegravir 400mg [Isentress], tablets, 60 Tabs",Isentress,60,35,2301.31,65.75,1.1,"MSD, Haarlem, NL",Weight Captured Separately,Freight Included in Commodity Cost,2.37
65363,Ethiopia,PMO - US,Direct Drop,EXW,Air,14-Feb-11,14-Feb-11,ARV,Adult,Aurobindo Pharma Limited,SKU0134,"Didanosine 400mg, delayed-release capsules, 30 Caps",Generic,30,750,15000,20,0.67,"Aurobindo Unit III, India",See ASN-9567 (ID#:15946),See ASN-9567 (ID#:15946),32.34
65370,South Africa,PMO - US,Direct Drop,DDP,Truck,29-Dec-09,29-Dec-09,ARV,Adult,S. BUYS WHOLESALER,SKU0007,"Nevirapine 200mg, tablets, 60 Tabs",Generic,60,300,6676.17,22.25,0.37,"Cipla, Goa, India",Weight Captured Separately,Freight Included in Commodity Cost,14.39
65381,Zimbabwe,PMO - US,Direct Drop,FCA,Air,25-Apr-13,25-Apr-13,ARV,Pediatric,ABBVIE LOGISTICS (FORMERLY ABBOTT LOGISTICS BV),SKU0042,"Lopinavir/Ritonavir 80/20mg/ml [Kaletra], oral solution, cool, Bottle 5 x 60 ml",Kaletra,300,1500,46230,30.82,0.1,ABBVIE (Abbott) Logis. UK,1374,9299.26,64.81
65408,Zambia,PMO - US,Direct Drop,EXW,Air,24-Jul-13,24-Jul-13,HRDT,HIV test,"Trinity Biotech, Plc",SKU0009,"HIV 1/2, Uni-Gold HIV Kit, 20 Tests",Uni-Gold,20,6900,220800,32,1.6,"Trinity Biotech, Plc",2262,27038.58,273.13
65436,South Africa,South Africa Field Office,Direct Drop,DDP,Truck,16-Apr-13,16-Apr-13,ARV,Pediatric,S. BUYS WHOLESALER,SKU0045,"Lopinavir/Ritonavir 100/25mg [Aluvia], tablets, 60 Tabs",Generic,60,45,281.2,6.25,0.1,ABBVIE Ludwigshafen Germany,Weight Captured Separately,Freight Included in Commodity Cost,0.35
65450,Nigeria,PMO - US,Direct Drop,EXW,Air,18-Sep-13,18-Sep-13,HRDT,HIV test,"Orgenics, Ltd",SKU0002,"HIV 1/2, Determine Complete HIV Kit, 100 Tests",Determine,100,3067,272963,89,0.89,"Alere Medical Co., Ltd.",1228,13325.65,337.66
65452,Burundi,PMO - US,Direct Drop,EXW,Air,24-Mar-14,24-Mar-14,HRDT,HIV test,"CHEMBIO DIAGNOSTIC SYSTEMS, INC.",SKU0111,"HIV 1/2, Stat-Pak Dipstick Assay Kit, 30 Tests",Stat-Pak,30,345,9522,27.6,0.92,Chembio Diagnostics Sys. Inc.,37,946.77,9.79
65458,South Africa,PMO - US,Direct Drop,DDP,Truck,29-Aug-14,29-Aug-14,ARV,Pediatric,S. BUYS WHOLESALER,SKU0145,"Abacavir 20mg/ml, oral solution w/syringe, Bottle, 240 ml",Generic,240,171,4623.54,27.04,0.11,"Aurobindo Unit III, India",Weight Captured Separately,Freight Included in Commodity Cost,5.72
65478,Côte d'Ivoire,PMO - US,Direct Drop,EXW,Air,11-Feb-14,11-Feb-14,HRDT,HIV test,"Standard Diagnostics, Inc.",SKU0019,"HIV 1/2, Bioline 3.0 Kit, Lancets, Capillary pipets, Alcohol swabs included, 25 Tests",Bioline,25,3700,75850,20.5,0.82,"Standard Diagnostics, Korea",1281,13222.33,77.97
65484,Vietnam,PMO - US,Direct Drop,FCA,Air,27-Oct-12,27-Oct-12,ARV,Adult,ABBVIE LOGISTICS (FORMERLY ABBOTT LOGISTICS BV),SKU0118,"Ritonavir 100mg [Norvir], film coated tablets, 30 Tabs",Norvir,30,326,7582.76,23.26,0.78,ABBVIE Ludwigshafen Germany,34,404.78,10.63
65487,South Africa,PMO - US,Direct Drop,DDP,Ocean,9-Jan-12,9-Jan-12,ARV,Pediatric,GLAXOSMITHKLINE EXPORT LIMITED,SKU0087,"Abacavir 20mg/ml [Ziagen], oral solution, Bottle, 240 ml",Ziagen,240,10000,92800,9.28,0.04,GSK Mississauga (Canada),3853,4228.61,153.12
65545,South Africa,PMO - US,Direct Drop,DDP,Truck,3-Oct-14,3-Oct-14,ARV,Adult,PHARMACY DIRECT,SKU0029,"Tenofovir Disoproxil Fumarate 300mg, tablets, 30 Tabs",Generic,30,43,822.19,19.12,0.64,Mylan (formerly Matrix) Nashik,Weight Captured Separately,Freight Included in Commodity Cost,0.85
65548,South Africa,PMO - US,Direct Drop,DDP,Ocean,10-Oct-11,25-Oct-11,ARV,Adult,Aurobindo Pharma Limited,SKU0026,"Efavirenz 600mg, tablets, 30 Tabs",Generic,30,70,315.7,4.51,0.15,"Aurobindo Unit III, India",6,9951.38,0.52
65555,Tanzania,PMO - US,Direct Drop,EXW,Air,17-Sep-13,16-Sep-13,HRDT,HIV test,"Standard Diagnostics, Inc.",SKU0002,"HIV 1/2, Determine Complete HIV Kit, 100 Tests",Determine,100,3015,0,0,0,"Alere Medical Co., Ltd.",1249,20906.77,0
65574,Haiti,PMO - US,Direct Drop,CIP,Air,24-Feb-10,24-Feb-10,ARV,Pediatric,BRISTOL-MYERS SQUIBB,SKU0015,"Didanosine 2g [Videx], powder for oral solution 10mg/ml, reconstitute to 200 ml",Videx,200,192,2417.28,12.59,0.06,"BMS Meymac, France",Weight Captured Separately,Freight Included in Commodity Cost,5.21
65579,Tanzania,PMO - US,Direct Drop,FCA,Air,28-Jul-10,28-Jul-10,ARV,Adult,ABBVIE LOGISTICS (FORMERLY ABBOTT LOGISTICS BV),SKU0008,"Lopinavir/Ritonavir 200/50mg [Aluvia], tablets, 120 Tabs",Aluvia,120,9007,325693.12,36.16,0.3,ABBVIE Ludwigshafen Germany,2020,9169.63,702.19
65588,Vietnam,PMO - US,Direct Drop,EXW,Air,1-Apr-10,1-Apr-10,ARV,Adult,MYLAN LABORATORIES LTD (FORMERLY MATRIX LABORATORIES),SKU0029,"Tenofovir Disoproxil Fumarate 300mg, tablets, 30 Tabs",Generic,30,2856,21420,7.5,0.25,Mylan (formerly Matrix) Nashik,See ASN-6341 (ID#:29298),See ASN-6341 (ID#:29298),46.18
65601,Botswana,PMO - US,Direct Drop,EXW,Air,1-Mar-10,1-Mar-10,HRDT,HIV test - Ancillary,Orasure Technologies Inc.,SKU0096,"#109435**HIV, OraQuick Controls Kit, 3 Vials",OraQuick,3,10,250,25,8.33,"Orasure Technologies, Inc USA",6,402.42,0.49
65609,Mozambique,PMO - US,Direct Drop,EXW,Air,25-Dec-12,25-Dec-12,HRDT,HIV test - Ancillary,"Orgenics, Ltd",SKU0136,"Chase Buffer, Determine, 100 Tests, 2.5ml x 1 Vial",Determine,1,81,405,5,5,"Alere Medical Co., Ltd.",See ASN-17088 (ID#:18269),See ASN-17088 (ID#:18269),0.57
65617,Tanzania,PMO - US,Direct Drop,EXW,Air,7-Aug-10,7-Aug-10,ARV,Adult,Aurobindo Pharma Limited,SKU0007,"Nevirapine 200mg, tablets, 60 Tabs",Generic,60,28800,74880,2.6,0.04,"Aurobindo Unit III, India",3396,16416.58,161.44
65619,South Africa,PMO - US,Direct Drop,DDP,Truck,29-Dec-09,29-Dec-09,ARV,Pediatric,S. BUYS WHOLESALER,SKU0042,"Lopinavir/Ritonavir 80/20mg/ml [Kaletra], oral solution, cool, Bottle 5 x 60 ml",Kaletra,300,60,2433.47,40.56,0.14,ABBVIE (Abbott) Logis. UK,Weight Captured Separately,Freight Included in Commodity Cost,5.25
65621,Ethiopia,PMO - US,Direct Drop,EXW,Air,27-Mar-12,27-Mar-12,HRDT,HIV test,"CHEMBIO DIAGNOSTIC SYSTEMS, INC.",SKU0016,"HIV 1/2, Stat-Pak HIV, Kit, 20 Tests",Stat-Pak,20,44,1276,29,1.45,Chembio Diagnostics Sys. Inc.,15,529.4,1.79
65630,South Africa,PMO - US,Direct Drop,DDP,Truck,26-Aug-14,26-Aug-14,ARV,Pediatric,PHARMACY DIRECT,SKU0042,"Lopinavir/Ritonavir 80/20mg/ml [Kaletra], oral solution, cool, Bottle 5 x 60 ml",Kaletra,300,4,88.27,22.07,0.07,ABBVIE (Abbott) Logis. UK,Weight Captured Separately,Freight Included in Commodity Cost,0.09
65640,Namibia,PMO - US,Direct Drop,EXW,Air,31-Aug-09,31-Aug-09,HRDT,HIV test,"Trinity Biotech, Plc",SKU0009,"HIV 1/2, Uni-Gold HIV Kit, 20 Tests",Uni-Gold,20,750,24000,32,1.6,"Trinity Biotech, Plc",265,2906.31,47.04
65675,Tanzania,PMO - US,Direct Drop,EXW,Air,24-Jun-14,24-Jun-14,ARV,Adult,MYLAN LABORATORIES LTD (FORMERLY MATRIX LABORATORIES),SKU0058,"Abacavir 300mg, tablets, 60 Tabs",Generic,60,20000,221800,11.09,0.18,Mylan (formerly Matrix) Nashik,2069,9716.76,228.01
65688,Guyana,PMO - US,Direct Drop,EXW,Air,18-Sep-12,18-Sep-12,HRDT,HIV test,"CHEMBIO DIAGNOSTIC SYSTEMS, INC.",SKU0016,"HIV 1/2, Stat-Pak HIV, Kit, 20 Tests",Stat-Pak,20,19,551,29,1.45,Chembio Diagnostics Sys. Inc.,5,296.52,0.77
65693,South Africa,PMO - US,Direct Drop,DDP,Truck,6-Feb-14,6-Feb-14,ARV,Adult,S. BUYS WHOLESALER,SKU0029,"Tenofovir Disoproxil Fumarate 300mg, tablets, 30 Tabs",Generic,30,2906,54302.12,18.69,0.62,Hetero Unit III Hyderabad IN,Weight Captured Separately,Freight Included in Commodity Cost,67.17
65699,Côte d'Ivoire,PMO - US,Direct Drop,FCA,Air,22-Dec-11,22-Dec-11,ARV,Adult,ABBVIE LOGISTICS (FORMERLY ABBOTT LOGISTICS BV),SKU0008,"Lopinavir/Ritonavir 200/50mg [Aluvia], tablets, 120 Tabs",Aluvia,120,28000,862960,30.82,0.26,ABBVIE Ludwigshafen Germany,7025,46002.44,1423.88
65709,Uganda,PMO - US,Direct Drop,EXW,Air,27-Jul-12,27-Jul-12,ARV,Adult,HETERO LABS LIMITED,SKU0107,"Lamivudine/Tenofovir Disoproxil Fumarate 300/300mg, tablets, 30 Tabs",Generic,30,100440,481107.6,4.79,0.16,Hetero Unit III Hyderabad IN,See ASN-15514 (ID#:57392),See ASN-15514 (ID#:57392),674.51
65716,Haiti,PMO - US,Direct Drop,EXW,Air,22-Dec-11,22-Dec-11,ARV,Adult,MYLAN LABORATORIES LTD (FORMERLY MATRIX LABORATORIES),SKU0113,"Efavirenz/Lamivudine/Tenofovir Disoproxil Fumarate 600/300/300mg, tablets, 30 Tabs",Generic,30,5500,77550,14.1,0.47,Mylan (formerly Matrix) Nashik,647,4877.34,108.73
65717,South Africa,PMO - US,Direct Drop,DDP,Ocean,27-Jan-12,27-Jan-12,ARV,Pediatric,CIPLA LIMITED,SKU0048,"Lamivudine 10mg/ml, oral solution, Bottle, 240 ml",Generic,240,50000,103000,2.06,0.01,"Cipla, Goa, India",18417,11534.48,169.95
65732,Tanzania,PMO - US,Direct Drop,FCA,Air,9-Sep-09,9-Sep-09,ARV,Adult,ABBVIE LOGISTICS (FORMERLY ABBOTT LOGISTICS BV),SKU0052,"Ritonavir 100mg [Norvir], capsules, cool, 4 x 84 Caps",Norvir,336,160,6137.6,38.36,0.11,ABBVIE (Abbott) Logis. UK,325,2278.11,12.03
65748,Vietnam,PMO - US,Direct Drop,EXW,Air,23-Apr-14,23-Apr-14,ARV,Adult,HETERO LABS LIMITED,SKU0026,"Efavirenz 600mg, tablets, 30 Tabs",Generic,30,12984,42068.16,3.24,0.11,Hetero Unit III Hyderabad IN,See ASN-24398 (ID#:18664),See ASN-24398 (ID#:18664),52.04
65780,Rwanda,PMO - US,Direct Drop,EXW,Air,20-Jul-12,20-Jul-12,ARV,Adult,HETERO LABS LIMITED,SKU0007,"Nevirapine 200mg, tablets, 60 Tabs",Generic,60,55710,130361.4,2.34,0.04,Hetero Unit III Hyderabad IN,3204,19625.64,182.77
65799,South Africa,PMO - US,Direct Drop,DDP,Truck,29-Aug-14,29-Aug-14,ARV,Adult,S. BUYS WHOLESALER,SKU0011,"Lamivudine/Zidovudine 150/300mg, tablets, 60 Tabs",Generic,60,206,6746.05,32.75,0.55,Hetero Unit III Hyderabad IN,Weight Captured Separately,Freight Included in Commodity Cost,8.34
65803,South Africa,PMO - US,Direct Drop,DDP,Truck,29-Aug-14,29-Aug-14,ARV,Adult,S. BUYS WHOLESALER,SKU0014,"Zidovudine 300mg, tablets, 60 Tabs",Generic,60,19,515.11,27.11,0.45,"Aurobindo Unit III, India",Weight Captured Separately,Freight Included in Commodity Cost,0.64
65836,Nigeria,PMO - US,Direct Drop,EXW,Air,25-May-11,25-May-11,HRDT,HIV test,"CHEMBIO DIAGNOSTIC SYSTEMS, INC.",SKU0016,"HIV 1/2, Stat-Pak HIV, Kit, 20 Tests",Stat-Pak,20,1448,41992,29,1.45,Chembio Diagnostics Sys. Inc.,482,3060.82,69.29
65849,South Africa,PMO - US,Direct Drop,DDP,Truck,27-Aug-14,27-Aug-14,ARV,Adult,S. BUYS WHOLESALER,SKU0029,"Tenofovir Disoproxil Fumarate 300mg, tablets, 30 Tabs",Generic,30,132,2983.26,22.6,0.75,"Aurobindo Unit III, India",Weight Captured Separately,Freight Included in Commodity Cost,3.69
65940,Haiti,PMO - US,Direct Drop,DDU,Air,25-Jul-11,25-Jul-11,HRDT,HIV test,REINBOLD EXPORT IMPORT,SKU0002,"HIV 1/2, Determine Complete HIV Kit, 100 Tests",Determine,100,1432,164680,115,1.15,Inverness Japan,Weight Captured Separately,Freight Included in Commodity Cost,271.72
65978,Vietnam,PMO - US,Direct Drop,EXW,Air,13-Apr-11,13-Apr-11,ARV,Adult,STRIDES ARCOLAB LIMITED,SKU0044,"Lamivudine/Nevirapine/Stavudine 150/200/30mg, tablets, 60 Tabs",Generic,60,9377,50542.03,5.39,0.09,"Strides, Bangalore, India.",692,8494.45,83.39
65987,Vietnam,PMO - US,Direct Drop,FCA,Air,27-Jun-12,27-Jun-12,ARV,Pediatric,ABBVIE LOGISTICS (FORMERLY ABBOTT LOGISTICS BV),SKU0042,"Lopinavir/Ritonavir 80/20mg/ml [Kaletra], oral solution, cool, Bottle 5 x 60 ml",Kaletra,300,100,6082,60.82,0.2,ABBVIE (Abbott) Logis. UK,164,742.1,8.53
66000,Rwanda,PMO - US,Direct Drop,FCA,Air,16-Jul-14,16-Jul-14,ARV,Pediatric,ABBVIE LOGISTICS (FORMERLY ABBOTT LOGISTICS BV),SKU0042,"Lopinavir/Ritonavir 80/20mg/ml [Kaletra], oral solution, cool, Bottle 5 x 60 ml",Kaletra,300,316,9739.12,30.82,0.1,ABBVIE (Abbott) Logis. UK,415,4399.65,10.01
66030,South Africa,PMO - US,Direct Drop,DDP,Air,13-Dec-10,8-Dec-10,ARV,Pediatric,Aurobindo Pharma Limited,SKU0126,"Nevirapine 10mg/ml, oral suspension w/syringe, Bottle, 240 ml",Generic,240,19060,60039,3.15,0.01,"Aurobindo Unit III, India",7353,4876.34,129.44
66062,Vietnam,PMO - US,Direct Drop,FCA,Air,12-Aug-15,12-Aug-15,ARV,Adult,ABBVIE LOGISTICS (FORMERLY ABBOTT LOGISTICS BV),SKU0008,"Lopinavir/Ritonavir 200/50mg [Aluvia], tablets, 120 Tabs",Aluvia,120,5000,304000,60.8,0.51,ABBVIE Ludwigshafen Germany,Weight Captured Separately,Invoiced Separately,357.81
66073,South Africa,PMO - US,Direct Drop,DDP,Ocean,9-Jan-12,9-Jan-12,ARV,Pediatric,GLAXOSMITHKLINE EXPORT LIMITED,SKU0087,"Abacavir 20mg/ml [Ziagen], oral solution, Bottle, 240 ml",Ziagen,240,2244,20824.32,9.28,0.04,GSK Mississauga (Canada),870,3755.91,34.36
66100,Ghana,PMO - US,Direct Drop,EXW,Air,9-Oct-14,9-Oct-14,ARV,Adult,HETERO LABS LIMITED,SKU0107,"Lamivudine/Tenofovir Disoproxil Fumarate 300/300mg, tablets, 30 Tabs",Generic,30,45632,210819.84,4.62,0.15,Hetero Unit III Hyderabad IN,4486,20394.49,216.72
66123,South Africa,PMO - US,Direct Drop,DDP,Ocean,5-Apr-11,5-May-11,ARV,Adult,CIPLA LIMITED,SKU0007,"Nevirapine 200mg, tablets, 60 Tabs",Generic,60,48446,135164.34,2.79,0.05,"Cipla, Goa, India",Weight Captured Separately,Freight Included in Commodity Cost,291.41
66145,South Africa,PMO - US,Direct Drop,DDP,Truck,24-Aug-15,24-Aug-15,ARV,Adult,PHARMACY DIRECT,SKU0129,"Raltegravir 400mg [Isentress], tablets, 60 Tabs",Isentress,60,3,197.26,65.75,1.1,"MSD, Haarlem, NL",Weight Captured Separately,Freight Included in Commodity Cost,0.2
66175,Vietnam,PMO - US,Direct Drop,EXW,Air,2-Jul-10,2-Jul-10,ARV,Adult,MYLAN LABORATORIES LTD (FORMERLY MATRIX LABORATORIES),SKU0029,"Tenofovir Disoproxil Fumarate 300mg, tablets, 30 Tabs",Generic,30,12084,84588,7,0.23,Mylan (formerly Matrix) Nashik,See ASN-7237 (ID#:50231),See ASN-7237 (ID#:50231),182.37
66205,Haiti,PMO - US,Direct Drop,EXW,Air,26-Mar-15,26-Mar-15,ARV,Adult,EMCURE PHARMACEUTICALS LTD,SKU0119,"Atazanavir/Ritonavir 300/100mg, tablets, 30 Tabs",Generic,30,1000,18000,18,0.6,"Emcure Plot No.P-2, I.T-B.T. Park, Phase II, MIDC, Hinjwadi, Pune, India",133,1604.56,18.5
66207,Uganda,PMO - US,Direct Drop,EXW,Air,21-Apr-10,21-Apr-10,ARV,Adult,ASPEN PHARMACARE,SKU0139,"Darunavir 300mg [Prezista], tablets, 120 Tabs",Prezista,120,102,9180,90,0.75,"Aspen-OSD, Port Elizabeth, SA",15,845.1,17.99
66218,South Africa,PMO - US,Direct Drop,DDP,Truck,29-Dec-09,29-Dec-09,ARV,Pediatric,S. BUYS WHOLESALER,SKU0060,"Ritonavir 80mg/ml [Norvir], oral solution, cool, Bottle, 90 ml",Norvir,90,5,46.16,9.23,0.1,ABBVIE (Abbott) France,Weight Captured Separately,Freight Included in Commodity Cost,0.1
66233,Côte d'Ivoire,PMO - US,Direct Drop,EXW,Air,12-Jul-11,12-Jul-11,HRDT,HIV test,"Orgenics, Ltd",SKU0002,"HIV 1/2, Determine Complete HIV Kit, 100 Tests",Determine,100,3236,258880,80,0.8,Inverness Japan,1543,37173.01,427.15
66236,Uganda,PMO - US,Direct Drop,EXW,Air,26-Jun-14,26-Jun-14,HRDT,HIV test,"Trinity Biotech, Plc",SKU0009,"HIV 1/2, Uni-Gold HIV Kit, 20 Tests",Uni-Gold,20,750,24000,32,1.6,"Trinity Biotech, Plc",242,1899.22,24.67
66257,South Africa,PMO - US,Direct Drop,DDP,Truck,6-Feb-14,6-Feb-14,ARV,Pediatric,S. BUYS WHOLESALER,SKU0087,"Abacavir 20mg/ml [Ziagen], oral solution, Bottle, 240 ml",Ziagen,240,8,192.37,24.05,0.1,GSK Mississauga (Canada),Weight Captured Separately,Freight Included in Commodity Cost,0.24
66264,Vietnam,PMO - US,Direct Drop,EXW,Air,7-Sep-15,7-Sep-15,ARV,Adult,HETERO LABS LIMITED,SKU0113,"Efavirenz/Lamivudine/Tenofovir Disoproxil Fumarate 600/300/300mg, tablets, 30 Tabs",Generic,30,17760,168720,9.5,0.32,Hetero Unit III Hyderabad IN,Weight Captured Separately,Invoiced Separately,198.58
66277,Uganda,PMO - US,Direct Drop,DDP,Air,10-May-12,10-May-12,ARV,Adult,ASPEN PHARMACARE,SKU0139,"Darunavir 300mg [Prezista], tablets, 120 Tabs",Prezista,120,100,6660,66.6,0.55,"Aspen-OSD, Port Elizabeth, SA",14,527,9.34
66278,Vietnam,PMO - US,Direct Drop,EXW,Air,5-Jun-12,5-Jun-12,ARV,Pediatric,Aurobindo Pharma Limited,SKU0049,"Efavirenz 50mg, capsule, 30 Caps",Generic,30,2065,4625.6,2.24,0.07,"Aurobindo Unit III, India",See ASN-14875 (ID#:35053),See ASN-14875 (ID#:35053),6.49
66307,Vietnam,PMO - US,Direct Drop,EXW,Air,1-Aug-13,1-Aug-13,ARV,Adult,MYLAN LABORATORIES LTD (FORMERLY MATRIX LABORATORIES),SKU0113,"Efavirenz/Lamivudine/Tenofovir Disoproxil Fumarate 600/300/300mg, tablets, 30 Tabs",Generic,30,32673,375412.77,11.49,0.38,Mylan (formerly Matrix) Nashik,3425,11077.85,464.39
66323,Mozambique,PMO - US,Direct Drop,EXW,Air,29-Sep-10,29-Sep-10,HRDT,HIV test,"Trinity Biotech, Plc",SKU0009,"HIV 1/2, Uni-Gold HIV Kit, 20 Tests",Uni-Gold,20,424,13568,32,1.6,"Trinity Biotech, Plc",145,2572.68,29.25
66333,South Africa,PMO - US,Direct Drop,DDP,Truck,31-May-10,31-May-10,ARV,Pediatric,S. BUYS WHOLESALER,SKU0020,"Zidovudine 10mg/ml [Retrovir], oral solution, Bottle, 200 ml",Retrovir,200,400,2864.03,7.16,0.04,GSK Mississauga (Canada),Weight Captured Separately,Freight Included in Commodity Cost,6.17
66338,South Africa,South Africa Field Office,Direct Drop,DDP,Truck,16-Apr-13,16-Apr-13,ARV,Pediatric,S. BUYS WHOLESALER,SKU0005,"Zidovudine 10mg/ml, oral solution, Bottle, 240 ml",Generic,240,145,1173.68,8.09,0.03,"Aurobindo Unit III, India",Weight Captured Separately,Freight Included in Commodity Cost,1.45
66349,South Sudan,PMO - US,Direct Drop,EXW,Air,9-Feb-12,9-Feb-12,HRDT,HIV test,"Trinity Biotech, Plc",SKU0009,"HIV 1/2, Uni-Gold HIV Kit, 20 Tests",Uni-Gold,20,240,7680,32,1.6,"Trinity Biotech, Plc",82,1504.59,10.77
66352,South Africa,PMO - US,Direct Drop,DDP,Truck,9-Mar-15,9-Mar-15,ARV,Adult,PHARMACY DIRECT,SKU0011,"Lamivudine/Zidovudine 150/300mg, tablets, 60 Tabs",Generic,60,20,428.71,21.44,0.36,"Aurobindo Unit III, India",Weight Captured Separately,Freight Included in Commodity Cost,0.44
66355,Tanzania,PMO - US,Direct Drop,EXW,Air,7-Dec-12,30-Nov-12,HRDT,HIV test,"Orgenics, Ltd",SKU0002,"HIV 1/2, Determine Complete HIV Kit, 100 Tests",Determine,100,840,67200,80,0.8,"Alere Medical Co., Ltd.",405,7765.61,94.21
66371,Tanzania,PMO - US,Direct Drop,EXW,Air,24-Sep-13,24-Sep-13,ARV,Adult,Aurobindo Pharma Limited,SKU0054,"Lamivudine/Nevirapine/Zidovudine 150/200/300mg, tablets, 60 Tabs",Generic,60,37012,300907.56,8.13,0.14,"Aurobindo Unit III, India",4699,17907.7,372.22
66373,Guyana,PMO - US,Direct Drop,EXW,Air,4-Mar-10,4-Mar-10,HRDT,HIV test,"Trinity Biotech, Plc",SKU0009,"HIV 1/2, Uni-Gold HIV Kit, 20 Tests",Uni-Gold,20,2334,74688,32,1.6,"Trinity Biotech, Plc",807,6558.08,161.03
66374,South Africa,PMO - US,Direct Drop,DDP,Ocean,22-Oct-10,22-Oct-10,ARV,Adult,STRIDES ARCOLAB LIMITED,SKU0007,"Nevirapine 200mg, tablets, 60 Tabs",Generic,60,116000,327120,2.82,0.05,"Strides, Bangalore, India.",7193,8559.24,705.27
66383,Uganda,PMO - US,Direct Drop,EXW,Air,22-Apr-13,22-Apr-13,ARV,Pediatric,Aurobindo Pharma Limited,SKU0120,"Nevirapine 50mg, dispersible tablets (tablets for oral suspension), 30 Tabs",Generic,30,961,1201.25,1.25,0.04,"Aurobindo Unit III, India",53,1203.4,1.49
66420,Zambia,PMO - US,Direct Drop,EXW,Air,3-May-10,26-Apr-10,HRDT,HIV test,"Orgenics, Ltd",SKU0002,"HIV 1/2, Determine Complete HIV Kit, 100 Tests",Determine,100,1993,143496,72,0.72,Inverness Japan,967,14582.14,309.38
66431,Uganda,PMO - US,Direct Drop,FCA,Air,3-Dec-09,3-Dec-09,ARV,Adult,Hoffmann-La Roche ltd Basel,SKU0141,"Saquinavir 500mg [Invirase], tablets, 120 Tabs",Invirase,120,161,16125.1,100.16,0.83,Roche Basel,30,1072.35,34.77
66438,Haiti,PMO - US,Direct Drop,EXW,Air,11-Mar-13,11-Mar-13,ARV,Adult,Aurobindo Pharma Limited,SKU0134,"Didanosine 400mg, delayed-release capsules, 30 Caps",Generic,30,384,7680,20,0.67,"Aurobindo Unit III, India",30,1119.09,9.5
66448,Côte d'Ivoire,PMO - US,Direct Drop,EXW,Air,31-Jul-14,31-Jul-14,ARV,Adult,MYLAN LABORATORIES LTD (FORMERLY MATRIX LABORATORIES),SKU0119,"Atazanavir/Ritonavir 300/100mg, tablets, 30 Tabs",Generic,30,3200,64000,20,0.67,Mylan (formerly Matrix) Nashik,430,3587.34,65.79
66449,Vietnam,PMO - US,Direct Drop,FCA,Air,22-Jun-10,22-Jun-10,ARV,Adult,ABBVIE LOGISTICS (FORMERLY ABBOTT LOGISTICS BV),SKU0008,"Lopinavir/Ritonavir 200/50mg [Aluvia], tablets, 120 Tabs",Aluvia,120,8225,676095,82.2,0.68,ABBVIE Ludwigshafen Germany,2018,10263.55,1457.66
66500,South Africa,PMO - US,Direct Drop,DDP,Truck,10-Dec-14,10-Dec-14,ARV,Adult,S. BUYS WHOLESALER,SKU0004,"Stavudine 30mg, capsules, 60 Caps",Generic,60,329,1159.91,3.53,0.06,"Aurobindo Unit III, India",Weight Captured Separately,Freight Included in Commodity Cost,1.37
66508,Vietnam,PMO - US,Direct Drop,EXW,Air,5-Jun-12,5-Jun-12,ARV,Pediatric,Aurobindo Pharma Limited,SKU0066,"Efavirenz 200mg, capsule, 90 Caps",Generic,90,400,3128,7.82,0.09,"Aurobindo Unit III, India",See ASN-14875 (ID#:35053),See ASN-14875 (ID#:35053),4.39
66522,South Africa,PMO - US,Direct Drop,DDP,Truck,24-Aug-09,24-Aug-09,ARV,Adult,S. BUYS WHOLESALER,SKU0067,"Nevirapine 200mg [Viramune], tablets, 60 Tabs",Viramune,60,100,2156.36,21.56,0.36,"Boehringer Ing., Koropi, GR",Weight Captured Separately,Freight Included in Commodity Cost,4.23
66578,South Sudan,PMO - US,Direct Drop,EXW,Air,13-Dec-12,13-Dec-12,HRDT,HIV test - Ancillary,"Orgenics, Ltd",SKU0136,"Chase Buffer, Determine, 100 Tests, 2.5ml x 1 Vial",Determine,1,238,1190,5,5,"Alere Medical Co., Ltd.",See ASN-16852 (ID#:25990),See ASN-16852 (ID#:25990),1.67
66585,Nigeria,PMO - US,Direct Drop,EXW,Air,18-Sep-13,24-Sep-13,HRDT,HIV test,"Orgenics, Ltd",SKU0002,"HIV 1/2, Determine Complete HIV Kit, 100 Tests",Determine,100,3056,271984,89,0.89,"Alere Medical Co., Ltd.",1248,13325.5,336.44
66609,Vietnam,PMO - US,Direct Drop,EXW,Air,9-Feb-11,9-Feb-11,ARV,Adult,HETERO LABS LIMITED,SKU0004,"Stavudine 30mg, capsules, 60 Caps",Generic,60,14428,20920.6,1.45,0.02,Hetero Unit III Hyderabad IN,See ASN-9407 (ID#:17697),See ASN-9407 (ID#:17697),45.1
66626,Uganda,PMO - US,Direct Drop,EXW,Air,17-Apr-15,17-Apr-15,HRDT,HIV test,BIO-RAD LABORATORIES (FRANCE),SKU0156,"HIV 1/2, Genie III Kit, 50 Tests",Genie,50,30,2982,99.4,1.99,Bio-Rad Laboratories,17,660.77,3.07
66641,South Africa,PMO - US,Direct Drop,DDP,Air,13-Dec-10,13-Dec-10,ARV,Pediatric,Aurobindo Pharma Limited,SKU0126,"Nevirapine 10mg/ml, oral suspension w/syringe, Bottle, 240 ml",Generic,240,19050,60007.5,3.15,0.01,"Aurobindo Unit III, India",7349,4876.34,129.38
66663,Nigeria,PMO - US,Direct Drop,EXW,Air,7-Nov-13,7-Nov-13,HRDT,HIV test,"Orgenics, Ltd",SKU0002,"HIV 1/2, Determine Complete HIV Kit, 100 Tests",Determine,100,3035,270115,89,0.89,"Alere Medical Co., Ltd.",1233,21084.84,334.13
66669,Vietnam,PMO - US,Direct Drop,EXW,Air,13-Aug-10,13-Aug-10,ARV,Adult,MYLAN LABORATORIES LTD (FORMERLY MATRIX LABORATORIES),SKU0026,"Efavirenz 600mg, tablets, 30 Tabs",Generic,30,62369,268186.7,4.3,0.14,Mylan (formerly Matrix) Nashik,5009,17031.91,578.21
66680,Vietnam,PMO - US,Direct Drop,EXW,Air,16-Feb-11,16-Feb-11,ARV,Adult,HETERO LABS LIMITED,SKU0044,"Lamivudine/Nevirapine/Stavudine 150/200/30mg, tablets, 60 Tabs",Generic,60,5200,24960,4.8,0.08,Hetero Unit III Hyderabad IN,See ASN-9408 (ID#:39263),See ASN-9408 (ID#:39263),53.81
66690,South Africa,PMO - US,Direct Drop,DDP,Air,20-Sep-10,20-Sep-10,ARV,Adult,Aurobindo Pharma Limited,SKU0014,"Zidovudine 300mg, tablets, 60 Tabs",Generic,60,44168,328168.24,7.43,0.12,"Aurobindo Unit III, India",2373,1697.9,707.53
66713,Vietnam,PMO - US,Direct Drop,FCA,Air,2-Jul-14,2-Jul-14,ARV,Adult,ABBVIE LOGISTICS (FORMERLY ABBOTT LOGISTICS BV),SKU0118,"Ritonavir 100mg [Norvir], film coated tablets, 30 Tabs",Norvir,30,450,10467,23.26,0.78,ABBVIE Ludwigshafen Germany,56,520.19,10.76
66762,Côte d'Ivoire,PMO - US,Direct Drop,EXW,Air,31-May-12,31-May-12,HRDT,HIV test,"Orgenics, Ltd",SKU0002,"HIV 1/2, Determine Complete HIV Kit, 100 Tests",Determine,100,3000,240000,80,0.8,"Alere Medical Co., Ltd.",1428,28142.92,336.48
66768,Uganda,PMO - US,Direct Drop,DAP,Air,13-Feb-13,13-Feb-13,ARV,Adult,ASPEN PHARMACARE,SKU0115,"Etravirine 100mg [Intelence], tablets, 120 Tabs",Intelence,120,178,6408,36,0.3,"Janssen-Cilag, Latina, IT",90,989,7.93
66782,Guinea,PMO - US,Direct Drop,EXW,Air,23-Mar-10,23-Mar-10,HRDT,HIV test,"Orgenics, Ltd",SKU0002,"HIV 1/2, Determine Complete HIV Kit, 100 Tests",Determine,100,50,3600,72,0.72,Inverness Japan,32,1804.2,7.76
66792,Vietnam,PMO - US,Direct Drop,EXW,Air,3-Aug-10,3-Aug-10,ARV,Adult,STRIDES ARCOLAB LIMITED,SKU0003,"Lamivudine 150mg, tablets, 60 Tabs",Generic,60,43262,101665.7,2.35,0.04,"Strides, Bangalore, India.",2035,8711.4,219.19
66809,Vietnam,PMO - US,Direct Drop,EXW,Air,5-Dec-12,5-Dec-12,ARV,Adult,HETERO LABS LIMITED,SKU0058,"Abacavir 300mg, tablets, 60 Tabs",Generic,60,615,7933.5,12.9,0.22,Hetero Unit III Hyderabad IN,See ASN-17177 (ID#:18240),See ASN-17177 (ID#:18240),11.12
66811,Guyana,PMO - US,Direct Drop,EXW,Air,5-Apr-10,5-Apr-10,HRDT,HIV test,"Orgenics, Ltd",SKU0002,"HIV 1/2, Determine Complete HIV Kit, 100 Tests",Determine,100,237,21330,90,0.9,Inverness Japan,108,2058.84,45.99
66840,Tanzania,PMO - US,Direct Drop,EXW,Air,24-May-10,24-May-10,HRDT,HIV test,"Trinity Biotech, Plc",SKU0009,"HIV 1/2, Uni-Gold HIV Kit, 20 Tests",Uni-Gold,20,794,25408,32,1.6,"Trinity Biotech, Plc",277,3174.13,49.8
66891,Cameroon,PMO - US,Direct Drop,EXW,Air,4-Dec-13,4-Dec-13,ARV,Adult,Aurobindo Pharma Limited,SKU0014,"Zidovudine 300mg, tablets, 60 Tabs",Generic,60,18180,98717.4,5.43,0.09,"Aurobindo Unit III, India",1007,11067.86,122.11
66925,Vietnam,PMO - US,Direct Drop,EXW,Air,22-Jun-11,22-Jun-11,ARV,Adult,MYLAN LABORATORIES LTD (FORMERLY MATRIX LABORATORIES),SKU0058,"Abacavir 300mg, tablets, 60 Tabs",Generic,60,64,960,15,0.25,Mylan (formerly Matrix) Nashik,See ASN-11023 (ID#:37963),See ASN-11023 (ID#:37963),1.58
66946,"Congo, DRC",PMO - US,Direct Drop,EXW,Air,26-Aug-14,26-Aug-14,ARV,Adult,Aurobindo Pharma Limited,SKU0069,"Didanosine 250mg, delayed-release capsules, 30 Caps",Generic,30,100,758,7.58,0.25,"Aurobindo Unit III, India",9,734.66,0.78
66967,South Africa,PMO - US,Direct Drop,DDP,Ocean,6-Jan-11,6-Jan-11,ARV,Adult,Aurobindo Pharma Limited,SKU0029,"Tenofovir Disoproxil Fumarate 300mg, tablets, 30 Tabs",Generic,30,116857,777099.05,6.65,0.22,"Aurobindo Unit III, India",10907,7905.94,1675.43
66992,Guyana,PMO - US,Direct Drop,EXW,Air,4-Mar-10,4-Mar-10,HRDT,HIV test,"CHEMBIO DIAGNOSTIC SYSTEMS, INC.",SKU0016,"HIV 1/2, Stat-Pak HIV, Kit, 20 Tests",Stat-Pak,20,20,540,27,1.35,Chembio Diagnostics Sys. Inc.,11,386.16,1.16
67011,Zimbabwe,PMO - US,Direct Drop,EXW,Air Charter,17-Sep-14,17-Sep-14,ARV,Adult,HETERO LABS LIMITED,SKU0107,"Lamivudine/Tenofovir Disoproxil Fumarate 300/300mg, tablets, 30 Tabs",Generic,30,47136,217768.32,4.62,0.15,Hetero Unit III Hyderabad IN,5151,29257.65,223.87
67022,Vietnam,PMO - US,Direct Drop,EXW,Air,29-Mar-10,29-Mar-10,ARV,Adult,MYLAN LABORATORIES LTD (FORMERLY MATRIX LABORATORIES),SKU0014,"Zidovudine 300mg, tablets, 60 Tabs",Generic,60,336,2520,7.5,0.12,Mylan (formerly Matrix) Nashik,See ASN-6355 (ID#:16828),See ASN-6355 (ID#:16828),5.43
67023,Guyana,PMO - US,Direct Drop,EXW,Air,10-Dec-14,10-Dec-14,ARV,Adult,HETERO LABS LIMITED,SKU0105,"Emtricitabine/Tenofovir Disoproxil Fumarate 200/300mg, tablets, 30 Tabs",Generic,30,2175,12158.25,5.59,0.19,Hetero Unit III Hyderabad IN,252,2531.62,12.5
67043,Nigeria,PMO - US,Direct Drop,EXW,Air,18-Feb-14,18-Feb-14,HRDT,HIV test,"Orgenics, Ltd",SKU0002,"HIV 1/2, Determine Complete HIV Kit, 100 Tests",Determine,100,9312,828768,89,0.89,"Alere Medical Co., Ltd.",3787,57017.68,1025.19
67057,Rwanda,PMO - US,Direct Drop,EXW,Air,17-Oct-14,17-Oct-14,HRDT,HIV test,"Orgenics, Ltd",SKU0002,"HIV 1/2, Determine Complete HIV Kit, 100 Tests",Determine,100,1891,151280,80,0.8,"Alere Medical Co., Ltd.",766,14125.63,155.52
67069,South Africa,PMO - US,Direct Drop,DDP,Truck,12-Aug-09,12-Aug-09,ARV,Adult,S. BUYS WHOLESALER,SKU0056,"Ritonavir 100mg [Norvir], capsules, cool, 84 Caps",Norvir,84,329,3345.72,10.17,0.12,ABBVIE (Abbott) Logis. UK,Weight Captured Separately,Freight Included in Commodity Cost,6.56
67077,Vietnam,PMO - US,Direct Drop,CIP,Air,8-Apr-10,8-Apr-10,ARV,Pediatric,BRISTOL-MYERS SQUIBB,SKU0028,"Didanosine 25mg [Videx], chewable tablets, 60 Tabs",Videx,60,520,3640,7,0.12,"BMS Meymac, France",104,2658.09,7.85
67090,Haiti,PMO - US,Direct Drop,EXW,Air,17-Feb-14,17-Feb-14,ARV,Adult,STRIDES ARCOLAB LIMITED,SKU0026,"Efavirenz 600mg, tablets, 30 Tabs",Generic,30,28080,89575.2,3.19,0.11,"Strides, Bangalore, India.",1772,11656.59,110.8
67091,"Congo, DRC",PMO - US,Direct Drop,EXW,Air,23-Jul-15,23-Jul-15,HRDT,HIV test,"Orgenics, Ltd",SKU0002,"HIV 1/2, Determine Complete HIV Kit, 100 Tests",Determine,100,81,6480,80,0.8,"Alere Medical Co., Ltd.",See ASN-32231 (ID#:13648),See ASN-32231 (ID#:13648),7.63
67134,South Africa,PMO - US,Direct Drop,DDP,Truck,27-Aug-14,27-Aug-14,ARV,Adult,S. BUYS WHOLESALER,SKU0003,"Lamivudine 150mg, tablets, 60 Tabs",Generic,60,148,1457.49,9.85,0.16,Hetero Unit III Hyderabad IN,Weight Captured Separately,Freight Included in Commodity Cost,1.8
67142,Côte d'Ivoire,PMO - US,Direct Drop,FCA,Air,14-Jan-11,14-Jan-11,ARV,Adult,ABBVIE LOGISTICS (FORMERLY ABBOTT LOGISTICS BV),SKU0008,"Lopinavir/Ritonavir 200/50mg [Aluvia], tablets, 120 Tabs",Aluvia,120,10280,371724.8,36.16,0.3,ABBVIE Ludwigshafen Germany,2573,13562.35,613.35
67150,Namibia,PMO - US,Direct Drop,EXW,Air,30-Jun-10,30-Jun-10,HRDT,HIV test,"Trinity Biotech, Plc",SKU0009,"HIV 1/2, Uni-Gold HIV Kit, 20 Tests",Uni-Gold,20,500,16000,32,1.6,"Trinity Biotech, Plc",170,1691.15,34.5
67153,Uganda,PMO - US,Direct Drop,EXW,Ocean,6-Nov-13,6-Nov-13,ARV,Adult,MYLAN LABORATORIES LTD (FORMERLY MATRIX LABORATORIES),SKU0054,"Lamivudine/Nevirapine/Zidovudine 150/200/300mg, tablets, 60 Tabs",Generic,60,165374,1339529.4,8.1,0.13,Mylan (formerly Matrix) Nashik,See ASN-21627 (ID#:48945),See ASN-21627 (ID#:48945),1657
67159,Malawi,PMO - US,Direct Drop,EXW,Air,23-May-12,23-May-12,HRDT,HIV test,"Orgenics, Ltd",SKU0002,"HIV 1/2, Determine Complete HIV Kit, 100 Tests",Determine,100,66,5280,80,0.8,"Alere Medical Co., Ltd.",30,1470.09,7.4
67191,Uganda,PMO - US,Direct Drop,FCA,Air,10-Mar-10,10-Mar-10,ARV,Adult,ABBVIE LOGISTICS (FORMERLY ABBOTT LOGISTICS BV),SKU0052,"Ritonavir 100mg [Norvir], capsules, cool, 4 x 84 Caps",Norvir,336,44,1687.84,38.36,0.11,ABBVIE (Abbott) Logis. UK,116,985.78,3.31
67194,Zimbabwe,PMO - US,Direct Drop,EXW,Air Charter,17-Sep-14,17-Sep-14,ARV,Adult,HETERO LABS LIMITED,SKU0107,"Lamivudine/Tenofovir Disoproxil Fumarate 300/300mg, tablets, 30 Tabs",Generic,30,42240,195148.8,4.62,0.15,Hetero Unit III Hyderabad IN,4589,27376.22,200.61
67195,Guyana,PMO - US,Direct Drop,FCA,Air,11-Aug-14,11-Aug-14,ARV,Pediatric,ABBVIE LOGISTICS (FORMERLY ABBOTT LOGISTICS BV),SKU0042,"Lopinavir/Ritonavir 80/20mg/ml [Kaletra], oral solution, cool, Bottle 5 x 60 ml",Kaletra,300,17,1033.94,60.82,0.2,ABBVIE (Abbott) Logis. UK,50,828.23,1.06
67199,South Africa,PMO - US,Direct Drop,DDP,Ocean,6-Jan-11,6-Jan-11,ARV,Pediatric,Aurobindo Pharma Limited,SKU0126,"Nevirapine 10mg/ml, oral suspension w/syringe, Bottle, 240 ml",Generic,240,35000,74200,2.12,0.01,"Aurobindo Unit III, India",12974,11138.89,159.98
67203,South Africa,PMO - US,Direct Drop,DDP,Truck,12-Feb-15,12-Feb-15,ARV,Pediatric,PHARMACY DIRECT,SKU0071,"Abacavir 20mg/ml, oral solution, Bottle, 240 ml",Generic,240,23,407.34,17.71,0.07,"Aurobindo Unit III, India",Weight Captured Separately,Freight Included in Commodity Cost,0.42
67225,South Sudan,PMO - US,Direct Drop,EXW,Air,25-Jul-15,25-Jul-15,HRDT,HIV test,"Trinity Biotech, Plc",SKU0009,"HIV 1/2, Uni-Gold HIV Kit, 20 Tests",Uni-Gold,20,18,576,32,1.6,"Trinity Biotech, Plc",See ASN-31765 (ID#:41640),See ASN-31765 (ID#:41640),0.68
70259,Cameroon,PMO - US,Direct Drop,EXW,Air,28-Aug-13,28-Aug-13,ARV,Adult,HETERO LABS LIMITED,SKU0026,"Efavirenz 600mg, tablets, 30 Tabs",Generic,30,19195,62191.8,3.24,0.11,"Hetero, Jadcherla, unit 5, IN",1632,15773.2,76.93
67244,Rwanda,PMO - US,Direct Drop,EXW,Air,27-Mar-14,27-Mar-14,HRDT,HIV test,"SHANGHAI KEHUA BIOENGINEERING CO.,LTD.  (KHB)",SKU0063,"HIV 1/2, SKB Colloidal Gold, Diagnostic Kit, Antibody, 50 Tests",Colloidal Gold,1,2988,73206,24.5,24.5,"KHB Test Kit Facility, Shanghai China",1992,26266.34,90.56
67248,South Africa,PMO - US,Direct Drop,DDP,Truck,14-Jul-15,14-Jul-15,ARV,Pediatric,PHARMACY DIRECT,SKU0042,"Lopinavir/Ritonavir 80/20mg/ml [Kaletra], oral solution, cool, Bottle 5 x 60 ml",Kaletra,300,4,68.56,17.14,0.06,ABBVIE (Abbott) Logis. UK,Weight Captured Separately,Freight Included in Commodity Cost,0.07
67263,Tanzania,PMO - US,Direct Drop,EXW,Air,29-Sep-11,5-Oct-11,HRDT,HIV test,"Standard Diagnostics, Inc.",SKU0019,"HIV 1/2, Bioline 3.0 Kit, Lancets, Capillary pipets, Alcohol swabs included, 25 Tests",Bioline,25,10000,200000,20,0.8,"Standard Diagnostics, Korea",3334,22523.12,330
67300,Mozambique,PMO - US,Direct Drop,EXW,Air,18-Oct-12,18-Oct-12,HRDT,HIV test,"Orgenics, Ltd",SKU0122,"HIV 1/2, Determine Kit without Lancets, Buffer or Caplillary Tubes, 100 Tests",Determine,100,215,15512.25,72.15,0.72,"Alere Medical Co., Ltd.",See ASN-16634 (ID#:46858),See ASN-16634 (ID#:46858),21.75
67308,Rwanda,PMO - US,Direct Drop,FCA,Air,11-May-15,11-May-15,ARV,Pediatric,ABBVIE LOGISTICS (FORMERLY ABBOTT LOGISTICS BV),SKU0045,"Lopinavir/Ritonavir 100/25mg [Aluvia], tablets, 60 Tabs",Generic,60,642,3813.48,5.94,0.1,ABBVIE Ludwigshafen Germany,83,929.85,4.49
67321,Côte d'Ivoire,PMO - US,Direct Drop,EXW,Air,26-May-10,26-May-10,ARV,Pediatric,Aurobindo Pharma Limited,SKU0092,"Didanosine 200mg, chewable/dispersible tablets, 60 Tabs",Generic,60,712,10680,15,0.25,"Aurobindo Unit III, India",147,1836.81,23.03
67372,Botswana,PMO - US,Direct Drop,EXW,Air,22-Nov-10,22-Nov-10,HRDT,HIV test,"Trinity Biotech, Plc",SKU0009,"HIV 1/2, Uni-Gold HIV Kit, 20 Tests",Uni-Gold,20,5,160,32,1.6,"Trinity Biotech, Plc",2,634.36,0.31
67389,Vietnam,PMO - US,Direct Drop,EXW,Air,13-Aug-10,13-Aug-10,ARV,Adult,Aurobindo Pharma Limited,SKU0004,"Stavudine 30mg, capsules, 60 Caps",Generic,60,28496,39894.4,1.4,0.02,"Aurobindo Unit III, India",See ASN-7581 (ID#:42811),See ASN-7581 (ID#:42811),86.01
67448,South Africa,PMO - US,Direct Drop,DDP,Truck,25-Jun-14,25-Jun-14,ARV,Adult,PHARMACY DIRECT,SKU0029,"Tenofovir Disoproxil Fumarate 300mg, tablets, 30 Tabs",Generic,30,91,1644.26,18.07,0.6,Mylan (formerly Matrix) Nashik,Weight Captured Separately,Freight Included in Commodity Cost,1.69
67449,"Congo, DRC",PMO - US,Direct Drop,EXW,Air,4-Apr-14,4-Apr-14,HRDT,HIV test,"Trinity Biotech, Plc",SKU0009,"HIV 1/2, Uni-Gold HIV Kit, 20 Tests",Uni-Gold,20,6,192,32,1.6,"Trinity Biotech, Plc",See ASN-24721 (ID#:13708),See ASN-24721 (ID#:13708),0.2
67476,South Africa,PMO - US,Direct Drop,DDP,Air,24-Jun-10,24-Jun-10,ARV,Adult,Aurobindo Pharma Limited,SKU0014,"Zidovudine 300mg, tablets, 60 Tabs",Generic,60,23800,176834,7.43,0.12,"Aurobindo Unit III, India",1273,3296.58,381.25
67501,Ethiopia,PMO - US,Direct Drop,EXW,Air,28-Jun-11,28-Jun-11,ARV,Adult,Aurobindo Pharma Limited,SKU0135,"Lopinavir/Ritonavir 200/50mg, tablets, 120 Tabs",Generic,120,14498,487132.8,33.6,0.28,"Aurobindo Unit III, India",3685,16359.2,803.77
67509,Tanzania,PMO - US,Direct Drop,EXW,Air,24-Aug-13,24-Aug-13,ARV,Adult,Aurobindo Pharma Limited,SKU0054,"Lamivudine/Nevirapine/Zidovudine 150/200/300mg, tablets, 60 Tabs",Generic,60,32002,260816.3,8.15,0.14,"Aurobindo Unit III, India",4059,17997.84,322.63
67526,South Africa,PMO - US,Direct Drop,DDP,Truck,24-Aug-15,24-Aug-15,ARV,Adult,PHARMACY DIRECT,SKU0014,"Zidovudine 300mg, tablets, 60 Tabs",Generic,60,14,270.58,19.33,0.32,"Aurobindo Unit III, India",Weight Captured Separately,Freight Included in Commodity Cost,0.28
67541,Nigeria,PMO - US,Direct Drop,FCA,Air,21-May-10,21-May-10,ARV,Adult,Hoffmann-La Roche ltd Basel,SKU0141,"Saquinavir 500mg [Invirase], tablets, 120 Tabs",Invirase,120,2106,207249.44,98.41,0.82,Roche Basel,Weight Captured Separately,Invoiced Separately,446.83
67551,Mozambique,PMO - US,Direct Drop,CIP,Air,9-Jun-15,9-Jun-15,ARV,Adult,MERCK SHARP & DOHME IDEA GMBH (FORMALLY MERCK SHARP & DOHME B.V.),SKU0129,"Raltegravir 400mg [Isentress], tablets, 60 Tabs",Isentress,60,52,2886,55.5,0.92,"MSD, Haarlem, NL",Weight Captured Separately,Freight Included in Commodity Cost,3.4
67562,Tanzania,PMO - US,Direct Drop,EXW,Air,27-Sep-12,27-Sep-12,ARV,Adult,Aurobindo Pharma Limited,SKU0011,"Lamivudine/Zidovudine 150/300mg, tablets, 60 Tabs",Generic,60,37589,268761.35,7.15,0.12,"Aurobindo Unit III, India",3267,13180.76,376.8
67597,"Congo, DRC",PMO - US,Direct Drop,EXW,Air,23-Jul-15,23-Jul-15,HRDT,HIV test,"Orgenics, Ltd",SKU0002,"HIV 1/2, Determine Complete HIV Kit, 100 Tests",Determine,100,263,21040,80,0.8,"Alere Medical Co., Ltd.",See ASN-32231 (ID#:13648),See ASN-32231 (ID#:13648),24.76
67600,Zambia,PMO - US,Direct Drop,CIP,Air,15-Sep-10,15-Sep-10,ARV,Adult,ABBVIE LOGISTICS (FORMERLY ABBOTT LOGISTICS BV),SKU0008,"Lopinavir/Ritonavir 200/50mg [Aluvia], tablets, 120 Tabs",Aluvia,120,22000,816200,37.1,0.31,ABBVIE Ludwigshafen Germany,4959,2173.4,1759.73
67614,South Sudan,PMO - US,Direct Drop,EXW,Air,3-Jun-15,3-Jun-15,HRDT,HIV test,"Orgenics, Ltd",SKU0002,"HIV 1/2, Determine Complete HIV Kit, 100 Tests",Determine,100,90,8010,89,0.89,"Alere Medical Co., Ltd.",See ASN-31337 (ID#:26619),See ASN-31337 (ID#:26619),9.43
67634,South Africa,PMO - US,Direct Drop,DDP,Truck,3-Oct-14,3-Oct-14,ARV,Adult,PHARMACY DIRECT,SKU0115,"Etravirine 100mg [Intelence], tablets, 120 Tabs",Intelence,120,33,1168.83,35.42,0.3,"Janssen-Cilag, Latina, IT",Weight Captured Separately,Freight Included in Commodity Cost,1.2
67654,South Africa,PMO - US,Direct Drop,DDP,Truck,25-Jun-14,25-Jun-14,ARV,Adult,PHARMACY DIRECT,SKU0105,"Emtricitabine/Tenofovir Disoproxil Fumarate 200/300mg, tablets, 30 Tabs",Generic,30,11,332.32,30.21,1.01,"Aurobindo Unit III, India",Weight Captured Separately,Freight Included in Commodity Cost,0.34
67661,Guyana,PMO - US,Direct Drop,EXW,Air,4-Dec-13,4-Dec-13,ARV,Pediatric,Aurobindo Pharma Limited,SKU0065,"Zidovudine 100mg, capsules, 100 Caps",Generic,100,114,513,4.5,0.04,"Aurobindo Unit III, India",5,672.49,0.63
67666,South Africa,PMO - US,Direct Drop,DDP,Truck,12-May-15,12-May-15,ARV,Pediatric,PHARMACY DIRECT,SKU0066,"Efavirenz 200mg, capsule, 90 Caps",Generic,90,12,204.53,17.04,0.19,"Aurobindo Unit III, India",Weight Captured Separately,Freight Included in Commodity Cost,0.21
67703,Côte d'Ivoire,PMO - US,Direct Drop,FCA,Air,25-Apr-14,25-Apr-14,ARV,Adult,ABBVIE LOGISTICS (FORMERLY ABBOTT LOGISTICS BV),SKU0110,"Ritonavir 100mg [Norvir], film coated tablets, 60 Tabs",Norvir,60,3000,20550,6.85,0.11,ABBVIE Ludwigshafen Germany,385,3765.28,21.13
67717,Vietnam,PMO - US,Direct Drop,EXW,Air,13-Aug-10,13-Aug-10,ARV,Adult,Aurobindo Pharma Limited,SKU0004,"Stavudine 30mg, capsules, 60 Caps",Generic,60,21504,30105.6,1.4,0.02,"Aurobindo Unit III, India",See ASN-7661 (ID#:21752),See ASN-7661 (ID#:21752),64.91
67720,South Sudan,PMO - US,Direct Drop,EXW,Air,3-Jun-15,3-Jun-15,HRDT,HIV test - Ancillary,"Orgenics, Ltd",SKU0136,"Chase Buffer, Determine, 100 Tests, 2.5ml x 1 Vial",Determine,1,50,250,5,5,"Alere Medical Co., Ltd.",See ASN-31331 (ID#:51668),See ASN-31331 (ID#:51668),0.29
67739,Côte d'Ivoire,PMO - US,Direct Drop,EXW,Air,11-Jun-14,11-Jun-14,ARV,Adult,Aurobindo Pharma Limited,SKU0069,"Didanosine 250mg, delayed-release capsules, 30 Caps",Generic,30,1984,15038.72,7.58,0.25,"Aurobindo Unit III, India",46,1899.89,15.46
67753,Tanzania,PMO - US,Direct Drop,EXW,Air,29-Sep-11,29-Sep-11,ARV,Pediatric,EMCURE PHARMACEUTICALS LTD,SKU0143,"Atazanavir 150mg, capsules, 60 Caps",Generic,60,1028,22616,22,0.37,"Emcure Plot No.P-2, I.T-B.T. Park, Phase II, MIDC, Hinjwadi, Pune, India",107,1794.89,37.32
67759,South Africa,South Africa Field Office,Direct Drop,DDP,Truck,16-Apr-13,16-Apr-13,ARV,Adult,S. BUYS WHOLESALER,SKU0011,"Lamivudine/Zidovudine 150/300mg, tablets, 60 Tabs",Generic,60,287,4059.7,14.15,0.24,"Cipla, Goa, India",Weight Captured Separately,Freight Included in Commodity Cost,5.02
67769,Dominican Republic,PMO - US,Direct Drop,EXW,Air,29-Oct-13,29-Oct-13,HRDT,HIV test,"Standard Diagnostics, Inc.",SKU0002,"HIV 1/2, Determine Complete HIV Kit, 100 Tests",Determine,100,112,0,0,0,"Alere Medical Co., Ltd.",See ASN-22277 (ID#:61493),See ASN-22277 (ID#:61493),0
67776,Vietnam,PMO - US,Direct Drop,EXW,Air,25-Jan-10,25-Jan-10,ARV,Adult,STRIDES ARCOLAB LIMITED,SKU0004,"Stavudine 30mg, capsules, 60 Caps",Generic,60,672,940.8,1.4,0.02,"Strides, Bangalore, India.",32,1701.1,2.03
67806,Rwanda,PMO - US,Direct Drop,EXW,Air,20-Jul-12,20-Jul-12,ARV,Adult,HETERO LABS LIMITED,SKU0026,"Efavirenz 600mg, tablets, 30 Tabs",Generic,30,3007,10734.99,3.57,0.12,Hetero Unit III Hyderabad IN,262,3840.85,15.05
67854,Vietnam,PMO - US,Direct Drop,EXW,Air,30-Jul-15,30-Jul-15,ARV,Adult,MYLAN LABORATORIES LTD (FORMERLY MATRIX LABORATORIES),SKU0011,"Lamivudine/Zidovudine 150/300mg, tablets, 60 Tabs",Generic,60,20000,129800,6.49,0.11,Mylan (formerly Matrix) Nashik,1748,3868.49,152.77
67864,Tanzania,PMO - US,Direct Drop,EXW,Air,7-Dec-12,7-Dec-12,HRDT,HIV test,"Orgenics, Ltd",SKU0002,"HIV 1/2, Determine Complete HIV Kit, 100 Tests",Determine,100,2744,219520,80,0.8,"Alere Medical Co., Ltd.",1303,22617.38,307.77
67868,Côte d'Ivoire,PMO - US,Direct Drop,FCA,Air,29-Apr-11,29-Apr-11,ARV,Adult,ABBVIE LOGISTICS (FORMERLY ABBOTT LOGISTICS BV),SKU0110,"Ritonavir 100mg [Norvir], film coated tablets, 60 Tabs",Norvir,60,3450,23632.5,6.85,0.11,ABBVIE Ludwigshafen Germany,440,4588.02,46.32
67917,South Africa,PMO - US,Direct Drop,DDP,Ocean,4-Mar-11,6-Jan-11,ARV,Adult,Aurobindo Pharma Limited,SKU0003,"Lamivudine 150mg, tablets, 60 Tabs",Generic,60,19172,46396.24,2.42,0.04,"Aurobindo Unit III, India",Weight Captured Separately,Freight Included in Commodity Cost,100.03
67925,South Africa,PMO - US,Direct Drop,DDP,Truck,24-Aug-15,24-Aug-15,ARV,Adult,PHARMACY DIRECT,SKU0007,"Nevirapine 200mg, tablets, 60 Tabs",Generic,60,18,247.28,13.74,0.23,"Aurobindo Unit III, India",Weight Captured Separately,Freight Included in Commodity Cost,0.25
67980,Nigeria,PMO - US,Direct Drop,EXW,Air,9-Jan-13,8-Jan-13,HRDT,HIV test,"Orgenics, Ltd",SKU0002,"HIV 1/2, Determine Complete HIV Kit, 100 Tests",Determine,100,2744,244216,89,0.89,"Alere Medical Co., Ltd.",1186,24927.19,342.39
68007,Zimbabwe,PMO - US,Direct Drop,EXW,Air,20-May-10,20-May-10,HRDT,HIV test,"Orgenics, Ltd",SKU0002,"HIV 1/2, Determine Complete HIV Kit, 100 Tests",Determine,100,2100,151200,72,0.72,Inverness Japan,1016,18862.39,325.99
68050,Vietnam,PMO - US,Direct Drop,EXW,Air,5-Jul-13,5-Jul-13,ARV,Adult,HETERO LABS LIMITED,SKU0054,"Lamivudine/Nevirapine/Zidovudine 150/200/300mg, tablets, 60 Tabs",Generic,60,4555,37396.55,8.21,0.14,Hetero Unit III Hyderabad IN,See ASN-19859 (ID#:59267),See ASN-19859 (ID#:59267),46.26
68096,Vietnam,PMO - US,Direct Drop,EXW,Air,22-Mar-10,22-Mar-10,ARV,Adult,MYLAN LABORATORIES LTD (FORMERLY MATRIX LABORATORIES),SKU0014,"Zidovudine 300mg, tablets, 60 Tabs",Generic,60,840,6300,7.5,0.12,Mylan (formerly Matrix) Nashik,57,8747.56,12.35
68110,South Africa,PMO - US,Direct Drop,DDP,Truck,3-Oct-14,3-Oct-14,ARV,Adult,PHARMACY DIRECT,SKU0139,"Darunavir 300mg [Prezista], tablets, 120 Tabs",Prezista,120,36,2509.54,69.71,0.58,"Janssen-Cilag, Latina, IT",Weight Captured Separately,Freight Included in Commodity Cost,2.58
68116,South Africa,PMO - US,Direct Drop,DDP,Truck,25-Jun-14,25-Jun-14,ARV,Adult,PHARMACY DIRECT,SKU0026,"Efavirenz 600mg, tablets, 30 Tabs",Generic,30,106,1653.18,15.6,0.52,"Aurobindo Unit III, India",Weight Captured Separately,Freight Included in Commodity Cost,1.7
68117,South Africa,PMO - US,Direct Drop,DDP,Truck,7-Feb-14,7-Feb-14,ARV,Adult,S. BUYS WHOLESALER,SKU0003,"Lamivudine 150mg, tablets, 60 Tabs",Generic,60,415,4049.18,9.76,0.16,Hetero Unit III Hyderabad IN,Weight Captured Separately,Freight Included in Commodity Cost,5.01
68126,Tanzania,PMO - US,Direct Drop,EXW,Air,7-Mar-12,8-Mar-12,HRDT,HIV test,"Orgenics, Ltd",SKU0002,"HIV 1/2, Determine Complete HIV Kit, 100 Tests",Determine,100,1044,83520,80,0.8,"Alere Medical Co., Ltd.",499,9894.85,117.1
68128,South Sudan,PMO - US,Direct Drop,EXW,Air,18-Oct-13,18-Oct-13,HRDT,HIV test,"Trinity Biotech, Plc",SKU0009,"HIV 1/2, Uni-Gold HIV Kit, 20 Tests",Uni-Gold,20,25,800,32,1.6,"Trinity Biotech, Plc",See ASN-21751 (ID#:13968),See ASN-21751 (ID#:13968),0.99
68138,Tanzania,PMO - US,Direct Drop,EXW,Air,9-Jun-11,9-Jun-11,HRDT,HIV test,"Standard Diagnostics, Inc.",SKU0019,"HIV 1/2, Bioline 3.0 Kit, Lancets, Capillary pipets, Alcohol swabs included, 25 Tests",Bioline,25,10000,200000,20,0.8,"Standard Diagnostics, Korea",3335,24382.98,330
68186,Tanzania,PMO - US,Direct Drop,EXW,Air,13-Nov-13,13-Nov-13,ARV,Pediatric,Aurobindo Pharma Limited,SKU0049,"Efavirenz 50mg, capsule, 30 Caps",Generic,30,3550,5538,1.56,0.05,"Aurobindo Unit III, India",255,2454.46,6.85
68207,South Africa,PMO - US,Direct Drop,DDP,Truck,28-Dec-09,28-Dec-09,ARV,Pediatric,S. BUYS WHOLESALER,SKU0047,"Lamivudine 10mg/ml [Epivir], oral solution, Bottle, 240 ml",Epivir,240,800,4943.88,6.18,0.03,GSK Mississauga (Canada),Weight Captured Separately,Freight Included in Commodity Cost,10.66
68219,Côte d'Ivoire,PMO - US,Direct Drop,FCA,Air,9-Apr-15,9-Apr-15,ARV,Pediatric,ABBVIE LOGISTICS (FORMERLY ABBOTT LOGISTICS BV),SKU0042,"Lopinavir/Ritonavir 80/20mg/ml [Kaletra], oral solution, cool, Bottle 5 x 60 ml",Kaletra,300,745,22960.9,30.82,0.1,ABBVIE (Abbott) Logis. UK,844,9768.22,23.6
68230,Vietnam,PMO - US,Direct Drop,FCA,Air,15-Mar-10,15-Mar-10,ARV,Adult,ABBVIE LOGISTICS (FORMERLY ABBOTT LOGISTICS BV),SKU0008,"Lopinavir/Ritonavir 200/50mg [Aluvia], tablets, 120 Tabs",Aluvia,120,1820,149604,82.2,0.68,ABBVIE Ludwigshafen Germany,445,4755.76,322.55
68231,South Africa,PMO - US,Direct Drop,DDP,Truck,13-Jan-14,13-Jan-14,ARV,Adult,S. BUYS WHOLESALER,SKU0026,"Efavirenz 600mg, tablets, 30 Tabs",Generic,30,2157,33315.55,15.45,0.52,"Aurobindo Unit III, India",Weight Captured Separately,Freight Included in Commodity Cost,34.25
68241,Rwanda,PMO - US,Direct Drop,EXW,Air,24-Jan-12,25-Jan-12,ARV,Adult,Aurobindo Pharma Limited,SKU0107,"Lamivudine/Tenofovir Disoproxil Fumarate 300/300mg, tablets, 30 Tabs",Generic,30,48640,260224,5.35,0.18,"Aurobindo Unit VII, IN",4746,98521.56,364.83
68268,Ethiopia,PMO - US,Direct Drop,FCA,Air,20-Feb-12,20-Feb-12,ARV,Pediatric,ABBVIE LOGISTICS (FORMERLY ABBOTT LOGISTICS BV),SKU0042,"Lopinavir/Ritonavir 80/20mg/ml [Kaletra], oral solution, cool, Bottle 5 x 60 ml",Kaletra,300,699,21543.18,30.82,0.1,ABBVIE (Abbott) Logis. UK,728,6941.12,30.2
68281,South Africa,PMO - US,Direct Drop,DDP,Truck,12-May-15,12-May-15,ARV,Adult,PHARMACY DIRECT,SKU0069,"Didanosine 250mg, delayed-release capsules, 30 Caps",Generic,30,5,55.08,11.02,0.37,"Aurobindo Unit III, India",Weight Captured Separately,Freight Included in Commodity Cost,0.06
68341,South Africa,PMO - US,Direct Drop,DDP,Ocean,23-Feb-11,23-Feb-11,ARV,Adult,CIPLA LIMITED,SKU0029,"Tenofovir Disoproxil Fumarate 300mg, tablets, 30 Tabs",Generic,30,105278,740104.34,7.03,0.23,"Cipla, Goa, India",7225,6038.21,1595.66
68361,Vietnam,PMO - US,Direct Drop,EXW,Air,19-Dec-12,19-Dec-12,ARV,Pediatric,MYLAN LABORATORIES LTD (FORMERLY MATRIX LABORATORIES),SKU0140,"Lamivudine/Nevirapine/Zidovudine 30/50/60mg, dispersible tablets, 60 Tabs",Generic,60,10508,43608.2,4.15,0.07,Mylan (formerly Matrix) Nashik,678,2148.1,61.14
68367,Rwanda,PMO - US,Direct Drop,EXW,Ocean,8-Oct-12,8-Oct-12,ARV,Adult,MYLAN LABORATORIES LTD (FORMERLY MATRIX LABORATORIES),SKU0107,"Lamivudine/Tenofovir Disoproxil Fumarate 300/300mg, tablets, 30 Tabs",Generic,30,131704,683543.76,5.19,0.17,Mylan (formerly Matrix) Nashik,10116,24250.15,958.33
68389,South Africa,PMO - US,Direct Drop,DDP,Truck,26-Jan-15,26-Jan-15,ARV,Pediatric,PHARMACY DIRECT,SKU0049,"Efavirenz 50mg, capsule, 30 Caps",Generic,30,9,19.55,2.17,0.07,"Aurobindo Unit III, India",Weight Captured Separately,Freight Included in Commodity Cost,0.02
68397,Uganda,PMO - US,Direct Drop,EXW,Air,17-Jan-14,17-Jan-14,ARV,Pediatric,Aurobindo Pharma Limited,SKU0120,"Nevirapine 50mg, dispersible tablets (tablets for oral suspension), 30 Tabs",Generic,30,9051,11313.75,1.25,0.04,"Aurobindo Unit III, India",575,3231.11,14
68401,Uganda,PMO - US,Direct Drop,CIP,Air,18-Feb-10,18-Feb-10,ARV,Adult,MERCK SHARP & DOHME IDEA GMBH (FORMALLY MERCK SHARP & DOHME B.V.),SKU0094,"Indinavir 400mg [Crixivan], capsules, 180 Caps",Crixivan,180,153,7650,50,0.28,"MSD, Haarlem, NL",34,395,14.99
68437,Mozambique,PMO - US,Direct Drop,EXW,Air,7-Apr-11,7-Apr-11,HRDT,HIV test,"Trinity Biotech, Plc",SKU0009,"HIV 1/2, Uni-Gold HIV Kit, 20 Tests",Uni-Gold,20,108,3456,32,1.6,"Trinity Biotech, Plc",41,897.87,5.7
68457,South Africa,PMO - US,Direct Drop,DDP,Ocean,13-Jun-11,5-Sep-11,ARV,Adult,Aurobindo Pharma Limited,SKU0029,"Tenofovir Disoproxil Fumarate 300mg, tablets, 30 Tabs",Generic,30,29031,193056.15,6.65,0.22,"Aurobindo Unit III, India",Weight Captured Separately,Freight Included in Commodity Cost,318.54
68462,Rwanda,PMO - US,Direct Drop,FCA,Air,3-Mar-10,3-Mar-10,ARV,Adult,ABBVIE LOGISTICS (FORMERLY ABBOTT LOGISTICS BV),SKU0052,"Ritonavir 100mg [Norvir], capsules, cool, 4 x 84 Caps",Norvir,336,120,4603.2,38.36,0.11,ABBVIE (Abbott) Logis. UK,298,2204.08,9.92
68481,Côte d'Ivoire,PMO - US,Direct Drop,EXW,Air,4-Jun-13,4-Jun-13,HRDT,HIV test,"Orgenics, Ltd",SKU0002,"HIV 1/2, Determine Complete HIV Kit, 100 Tests",Determine,100,601,48080,80,0.8,"Alere Medical Co., Ltd.",264,36428.24,59.47
68482,Haiti,PMO - US,Direct Drop,FCA,Air,20-Aug-12,20-Aug-12,ARV,Pediatric,ABBVIE LOGISTICS (FORMERLY ABBOTT LOGISTICS BV),SKU0042,"Lopinavir/Ritonavir 80/20mg/ml [Kaletra], oral solution, cool, Bottle 5 x 60 ml",Kaletra,300,40,1232.8,30.82,0.1,ABBVIE (Abbott) Logis. UK,Weight Captured Separately,Invoiced Separately,1.73
68494,Vietnam,PMO - US,Direct Drop,EXW,Air,13-Mar-10,13-Mar-10,ARV,Adult,MYLAN LABORATORIES LTD (FORMERLY MATRIX LABORATORIES),SKU0026,"Efavirenz 600mg, tablets, 30 Tabs",Generic,30,19152,124488,6.5,0.22,Mylan (formerly Matrix) Nashik,1503,11884.14,244
68496,Haiti,PMO - US,Direct Drop,EXW,Ocean,9-Apr-15,9-Apr-15,ARV,Adult,HETERO LABS LIMITED,SKU0029,"Tenofovir Disoproxil Fumarate 300mg, tablets, 30 Tabs",Generic,30,336,1192.8,3.55,0.12,Hetero Unit III Hyderabad IN,See ASN-30463 (ID#:15460),See ASN-30463 (ID#:15460),1.23
68508,Tanzania,PMO - US,Direct Drop,EXW,Air,15-Dec-09,15-Dec-09,HRDT,HIV test,"Standard Diagnostics, Inc.",SKU0086,"HIV 1/2, Bioline 3.0 Kit, (no accessories), 30 Tests",Bioline,30,20000,480000,24,0.8,"Standard Diagnostics, Korea",6223,82236.74,940.8
68515,Côte d'Ivoire,PMO - US,Direct Drop,EXW,Air,17-Jun-11,17-Jun-11,HRDT,HIV test,"Standard Diagnostics, Inc.",SKU0019,"HIV 1/2, Bioline 3.0 Kit, Lancets, Capillary pipets, Alcohol swabs included, 25 Tests",Bioline,25,1354,27080,20,0.8,"Standard Diagnostics, Korea",422,5054.68,44.68
68553,Vietnam,PMO - US,Direct Drop,EXW,Air,24-Apr-13,24-Apr-13,ARV,Adult,HETERO LABS LIMITED,SKU0029,"Tenofovir Disoproxil Fumarate 300mg, tablets, 30 Tabs",Generic,30,42660,151443,3.55,0.12,Hetero Unit III Hyderabad IN,3442,10533.01,187.33
68572,Tanzania,PMO - US,Direct Drop,EXW,Air,27-May-14,27-May-14,ARV,Adult,MYLAN LABORATORIES LTD (FORMERLY MATRIX LABORATORIES),SKU0119,"Atazanavir/Ritonavir 300/100mg, tablets, 30 Tabs",Generic,30,10565,211300,20,0.67,Mylan (formerly Matrix) Nashik,1412,6758.01,217.22
68577,"Congo, DRC",PMO - US,Direct Drop,EXW,Air,27-Feb-13,27-Feb-13,HRDT,HIV test,"Orgenics, Ltd",SKU0002,"HIV 1/2, Determine Complete HIV Kit, 100 Tests",Determine,100,1505,120400,80,0.8,"Alere Medical Co., Ltd.",746,13037.01,168.8
68583,South Sudan,PMO - US,Direct Drop,EXW,Air,24-Jan-14,24-Jan-14,HRDT,HIV test - Ancillary,"Orgenics, Ltd",SKU0136,"Chase Buffer, Determine, 100 Tests, 2.5ml x 1 Vial",Determine,1,160,800,5,5,"Alere Medical Co., Ltd.",See ASN-22749 (ID#:45723),See ASN-22749 (ID#:45723),0.99
68596,Vietnam,PMO - US,Direct Drop,FCA,Air,18-Aug-14,18-Aug-14,ARV,Adult,ABBVIE LOGISTICS (FORMERLY ABBOTT LOGISTICS BV),SKU0008,"Lopinavir/Ritonavir 200/50mg [Aluvia], tablets, 120 Tabs",Aluvia,120,4800,291936,60.82,0.51,ABBVIE Ludwigshafen Germany,1175,1779.1,300.11
68627,South Africa,PMO - US,Direct Drop,DDP,Truck,27-Jan-10,27-Jan-10,ARV,Adult,S. BUYS WHOLESALER,SKU0004,"Stavudine 30mg, capsules, 60 Caps",Generic,60,3000,13863.09,4.62,0.08,"Aurobindo Unit III, India",Weight Captured Separately,Freight Included in Commodity Cost,27.17
68641,South Africa,PMO - US,Direct Drop,DDP,Truck,5-Aug-14,5-Aug-14,ARV,Adult,PHARMACY DIRECT,SKU0129,"Raltegravir 400mg [Isentress], tablets, 60 Tabs",Isentress,60,40,3199.67,79.99,1.33,"MSD, Haarlem, NL",Weight Captured Separately,Freight Included in Commodity Cost,3.29
68647,South Africa,PMO - US,Direct Drop,DDP,Truck,23-Jul-15,23-Jul-15,ARV,Pediatric,PHARMACY DIRECT,SKU0060,"Ritonavir 80mg/ml [Norvir], oral solution, cool, Bottle, 90 ml",Norvir,90,3,14.91,4.97,0.06,ABBVIE (Abbott) France,Weight Captured Separately,Freight Included in Commodity Cost,0.02
68651,Mozambique,PMO - US,Direct Drop,EXW,Air,24-Sep-09,24-Sep-09,HRDT,HIV test,"Trinity Biotech, Plc",SKU0009,"HIV 1/2, Uni-Gold HIV Kit, 20 Tests",Uni-Gold,20,3700,118400,32,1.6,"Trinity Biotech, Plc",1265,18937.3,232.06
68662,Cameroon,PMO - US,Direct Drop,EXW,Air,18-Oct-13,11-Oct-13,ARV,Adult,Aurobindo Pharma Limited,SKU0054,"Lamivudine/Nevirapine/Zidovudine 150/200/300mg, tablets, 60 Tabs",Generic,60,34910,283818.3,8.13,0.14,"Aurobindo Unit III, India",4426,37479.21,351.08
68675,South Africa,PMO - US,Direct Drop,DDP,Truck,24-Aug-15,24-Aug-15,ARV,Adult,PHARMACY DIRECT,SKU0121,"Darunavir 600mg [Prezista], tablets, 60 Tabs",Prezista,60,1,50.66,50.66,0.84,"Janssen-Cilag, Latina, IT",Weight Captured Separately,Freight Included in Commodity Cost,0.05
68680,Vietnam,PMO - US,Direct Drop,EXW,Air,16-Sep-14,16-Sep-14,ARV,Adult,HETERO LABS LIMITED,SKU0113,"Efavirenz/Lamivudine/Tenofovir Disoproxil Fumarate 600/300/300mg, tablets, 30 Tabs",Generic,30,17188,180474,10.5,0.35,Hetero Unit III Hyderabad IN,2388,3790.32,185.53
68735,Tanzania,PMO - US,Direct Drop,EXW,Air,29-Sep-11,29-Sep-11,HRDT,HIV test,"Standard Diagnostics, Inc.",SKU0019,"HIV 1/2, Bioline 3.0 Kit, Lancets, Capillary pipets, Alcohol swabs included, 25 Tests",Bioline,25,10000,200000,20,0.8,"Standard Diagnostics, Korea",3334,22086.15,330
68752,"Congo, DRC",PMO - US,Direct Drop,EXW,Air,4-Apr-14,4-Apr-14,HRDT,HIV test,"Trinity Biotech, Plc",SKU0009,"HIV 1/2, Uni-Gold HIV Kit, 20 Tests",Uni-Gold,20,7,224,32,1.6,"Trinity Biotech, Plc",See ASN-24721 (ID#:13708),See ASN-24721 (ID#:13708),0.23
68779,Vietnam,PMO - US,Direct Drop,EXW,Air,16-Jul-10,16-Jul-10,ARV,Adult,Aurobindo Pharma Limited,SKU0011,"Lamivudine/Zidovudine 150/300mg, tablets, 60 Tabs",Generic,60,11004,94084.2,8.55,0.14,"Aurobindo Unit III, India",1073,9535.67,202.85
68785,Vietnam,PMO - US,Direct Drop,EXW,Air,17-Mar-10,17-Mar-10,ARV,Adult,Aurobindo Pharma Limited,SKU0003,"Lamivudine 150mg, tablets, 60 Tabs",Generic,60,20520,49248,2.4,0.04,"Aurobindo Unit III, India",See ASN-6264 (ID#:52856),See ASN-6264 (ID#:52856),96.53
68820,Rwanda,PMO - US,Direct Drop,CIP,Air,12-Dec-10,12-Dec-10,ARV,Adult,MYLAN LABORATORIES LTD (FORMERLY MATRIX LABORATORIES),SKU0113,"Efavirenz/Lamivudine/Tenofovir Disoproxil Fumarate 600/300/300mg, tablets, 30 Tabs",Generic,30,22347,390625.56,17.48,0.58,Mylan (formerly Matrix) Nashik,Weight Captured Separately,Freight Included in Commodity Cost,842.19
68846,Uganda,PMO - US,Direct Drop,EXW,Air,26-Oct-09,26-Oct-09,ARV,Adult,ASPEN PHARMACARE,SKU0139,"Darunavir 300mg [Prezista], tablets, 120 Tabs",Prezista,120,112,10080,90,0.75,"Aspen-OSD, Port Elizabeth, SA",16,1000.94,19.76
68872,Uganda,PMO - US,Direct Drop,EXW,Air,21-Sep-12,21-Sep-12,ARV,Adult,MYLAN LABORATORIES LTD (FORMERLY MATRIX LABORATORIES),SKU0119,"Atazanavir/Ritonavir 300/100mg, tablets, 30 Tabs",Generic,30,1262,28395,22.5,0.75,Mylan (formerly Matrix) Nashik,173,935.89,39.81
68875,South Africa,PMO - US,Direct Drop,DDP,Truck,1-Apr-10,1-Apr-10,ARV,Adult,S. BUYS WHOLESALER,SKU0021,"Tenofovir Disoproxil Fumarate 300mg [Viread], tablets, 30 Tabs",Viread,30,240,6944.46,28.94,0.96,"Aspen-OSD, Port Elizabeth, SA",Weight Captured Separately,Freight Included in Commodity Cost,14.97
68878,Ethiopia,PMO - US,Direct Drop,EXW,Air,5-Jan-11,5-Jan-11,HRDT,HIV test,"CHEMBIO DIAGNOSTIC SYSTEMS, INC.",SKU0016,"HIV 1/2, Stat-Pak HIV, Kit, 20 Tests",Stat-Pak,20,545,16895,31,1.55,Chembio Diagnostics Sys. Inc.,204,1219.85,27.88
68893,South Africa,PMO - US,Direct Drop,DDP,Truck,30-Sep-09,30-Sep-09,ARV,Adult,S. BUYS WHOLESALER,SKU0026,"Efavirenz 600mg, tablets, 30 Tabs",Generic,30,15328,291978.46,19.05,0.64,"Cipla, Goa, India",Weight Captured Separately,Freight Included in Commodity Cost,572.28
68937,Uganda,PMO - US,Direct Drop,FCA,Air,8-Feb-13,8-Feb-13,ARV,Adult,ABBVIE LOGISTICS (FORMERLY ABBOTT LOGISTICS BV),SKU0110,"Ritonavir 100mg [Norvir], film coated tablets, 60 Tabs",Norvir,60,587,4020.95,6.85,0.11,ABBVIE Ludwigshafen Germany,85,1253.45,4.97
68938,Côte d'Ivoire,PMO - US,Direct Drop,EXW,Air,13-Oct-14,13-Oct-14,HRDT,HIV test,"CHEMBIO DIAGNOSTIC SYSTEMS, INC.",SKU0016,"HIV 1/2, Stat-Pak HIV, Kit, 20 Tests",Stat-Pak,20,530,16430,31,1.55,Chembio Diagnostics Sys. Inc.,219,2516.62,16.89
68949,Zimbabwe,PMO - US,Direct Drop,EXW,Air Charter,14-Jun-14,14-Jun-14,ARV,Adult,STRIDES ARCOLAB LIMITED,SKU0007,"Nevirapine 200mg, tablets, 60 Tabs",Generic,60,158000,347600,2.2,0.04,"Strides, Bangalore, India.",9832,68350.52,357.33
68993,South Africa,PMO - US,Direct Drop,DDP,Air,8-Jun-10,8-Jun-10,ARV,Adult,Aurobindo Pharma Limited,SKU0014,"Zidovudine 300mg, tablets, 60 Tabs",Generic,60,57494,427180.42,7.43,0.12,"Aurobindo Unit III, India",3085,4885.2,921
68998,Ethiopia,Ethiopia Field Office,Direct Drop,DDP,Truck,25-Mar-10,25-Mar-10,HRDT,HIV test,TURE PHARMACEUTICALS & MEDICAL SUPPLIES P.L.C.,SKU0009,"HIV 1/2, Uni-Gold HIV Kit, 20 Tests",Uni-Gold,20,8,440.44,55.06,2.75,"Trinity Biotech, Plc",Weight Captured Separately,Freight Included in Commodity Cost,0.95
69006,Zambia,PMO - US,Direct Drop,EXW,Air,20-Dec-11,16-Dec-11,HRDT,HIV test,"Orgenics, Ltd",SKU0002,"HIV 1/2, Determine Complete HIV Kit, 100 Tests",Determine,100,2618,209440,80,0.8,"Alere Medical Co., Ltd.",1246,22614.24,345.58
69009,South Africa,PMO - US,Direct Drop,DDP,Truck,24-Aug-15,24-Aug-15,ARV,Pediatric,PHARMACY DIRECT,SKU0066,"Efavirenz 200mg, capsule, 90 Caps",Generic,90,41,748.24,18.25,0.2,"Aurobindo Unit III, India",Weight Captured Separately,Freight Included in Commodity Cost,0.77
69051,Nigeria,PMO - US,Direct Drop,EXW,Air,19-Jan-15,20-Jan-15,HRDT,HIV test,"Orgenics, Ltd",SKU0002,"HIV 1/2, Determine Complete HIV Kit, 100 Tests",Determine,100,3180,283020,89,0.89,"Alere Medical Co., Ltd.",1290,15890.52,290.94
69086,Zimbabwe,PMO - US,Direct Drop,EXW,Air Charter,17-Sep-14,17-Sep-14,ARV,Adult,HETERO LABS LIMITED,SKU0107,"Lamivudine/Tenofovir Disoproxil Fumarate 300/300mg, tablets, 30 Tabs",Generic,30,16013,73980.06,4.62,0.15,Hetero Unit III Hyderabad IN,1468,12091.91,76.05
69148,Tanzania,PMO - US,Direct Drop,EXW,Air,7-Aug-10,7-Aug-10,ARV,Adult,Aurobindo Pharma Limited,SKU0007,"Nevirapine 200mg, tablets, 60 Tabs",Generic,60,6934,18028.4,2.6,0.04,"Aurobindo Unit III, India",820,18044.49,38.87
69162,"Congo, DRC",PMO - US,Direct Drop,EXW,Air,19-Dec-14,19-Dec-14,ARV,Pediatric,Aurobindo Pharma Limited,SKU0148,"Didanosine 200mg, delayed-release capsules, 30 Caps",Generic,30,550,6050,11,0.37,"Aurobindo Unit III, India",54,1961.49,6.22
69179,South Africa,PMO - US,Direct Drop,DDP,Ocean,30-May-11,30-May-11,ARV,Adult,CIPLA LIMITED,SKU0029,"Tenofovir Disoproxil Fumarate 300mg, tablets, 30 Tabs",Generic,30,150000,1029000,6.86,0.23,"Cipla, Goa, India",10156,13731.6,1697.85
69198,Botswana,PMO - US,Direct Drop,EXW,Air,13-Sep-10,13-Sep-10,HRDT,HIV test,"Trinity Biotech, Plc",SKU0009,"HIV 1/2, Uni-Gold HIV Kit, 20 Tests",Uni-Gold,20,5,160,32,1.6,"Trinity Biotech, Plc",2,592.46,0.31
69202,"Congo, DRC",PMO - US,Direct Drop,EXW,Air,19-May-15,19-May-15,HRDT,HIV test,"Orgenics, Ltd",SKU0160,"HIV 1/2, DoubleCheck Gold Kit, 20 Tests",DoubleCheck,20,540,19720.8,36.52,1.83,"Alere Medical Co., Ltd.",Weight Captured Separately,Invoiced Separately,20.27
69208,Haiti,PMO - US,Direct Drop,CIP,Air,30-Aug-10,30-Aug-10,ARV,Pediatric,MERCK SHARP & DOHME IDEA GMBH (FORMALLY MERCK SHARP & DOHME B.V.),SKU0102,"Efavirenz 30mg/ml [Stocrin/Sustiva], oral solution, Bottle, 180 ml",Stocrin/Sustiva,180,342,5800.32,16.96,0.09,"MSD, Haarlem, NL",109,290,12.51
69219,Rwanda,PMO - US,Direct Drop,EXW,Air,27-Mar-14,27-Mar-14,HRDT,HIV test,"SHANGHAI KEHUA BIOENGINEERING CO.,LTD.  (KHB)",SKU0063,"HIV 1/2, SKB Colloidal Gold, Diagnostic Kit, Antibody, 50 Tests",Colloidal Gold,1,2988,73206,24.5,24.5,"KHB Test Kit Facility, Shanghai China",1992,27313,90.56
69235,South Africa,PMO - US,Direct Drop,DDP,Truck,5-Aug-14,5-Aug-14,ARV,Adult,PHARMACY DIRECT,SKU0115,"Etravirine 100mg [Intelence], tablets, 120 Tabs",Intelence,120,24,850.06,35.42,0.3,"Janssen-Cilag, Latina, IT",Weight Captured Separately,Freight Included in Commodity Cost,0.87
69253,Vietnam,PMO - US,Direct Drop,EXW,Air,2-Jul-13,2-Jul-13,ARV,Adult,MICRO LABS LIMITED,SKU0003,"Lamivudine 150mg, tablets, 60 Tabs",Generic,60,46100,83441,1.81,0.03,"Micro labs, Verna, Goa, India",2350,10627.8,103.22
69301,Vietnam,PMO - US,Direct Drop,FCA,Air,14-Sep-15,14-Sep-15,ARV,Adult,ABBVIE LOGISTICS (FORMERLY ABBOTT LOGISTICS BV),SKU0008,"Lopinavir/Ritonavir 200/50mg [Aluvia], tablets, 120 Tabs",Aluvia,120,4500,273600,60.8,0.51,ABBVIE Ludwigshafen Germany,See ASN-33526 (ID#:32150),See ASN-33526 (ID#:32150),322.03
69314,Mozambique,PMO - US,Direct Drop,CIP,Air,21-Oct-14,21-Oct-14,ARV,Adult,MERCK SHARP & DOHME IDEA GMBH (FORMALLY MERCK SHARP & DOHME B.V.),SKU0129,"Raltegravir 400mg [Isentress], tablets, 60 Tabs",Isentress,60,100,5550,55.5,0.92,"MSD, Haarlem, NL",Weight Captured Separately,Freight Included in Commodity Cost,5.71
69354,South Africa,PMO - US,Direct Drop,DDP,Air,11-Jun-10,11-Jun-10,ARV,Adult,Aurobindo Pharma Limited,SKU0003,"Lamivudine 150mg, tablets, 60 Tabs",Generic,60,66660,168649.8,2.53,0.04,"Aurobindo Unit III, India",3211,4116.81,363.61
69366,Ethiopia,PMO - US,Direct Drop,EXW,Air,21-May-10,21-May-10,ARV,Adult,Aurobindo Pharma Limited,SKU0134,"Didanosine 400mg, delayed-release capsules, 30 Caps",Generic,30,500,10000,20,0.67,"Aurobindo Unit III, India",39,516.35,21.56
69376,South Africa,PMO - US,Direct Drop,DDP,Ocean,10-Mar-11,10-Mar-11,ARV,Adult,Aurobindo Pharma Limited,SKU0026,"Efavirenz 600mg, tablets, 30 Tabs",Generic,30,127904,579405.12,4.53,0.15,"Aurobindo Unit III, India",10980,15331.5,1249.2
69461,South Africa,PMO - US,Direct Drop,DDP,Truck,6-Feb-14,6-Feb-14,ARV,Adult,S. BUYS WHOLESALER,SKU0105,"Emtricitabine/Tenofovir Disoproxil Fumarate 200/300mg, tablets, 30 Tabs",Generic,30,4,119.68,29.92,1,"Aurobindo Unit III, India",Weight Captured Separately,Freight Included in Commodity Cost,0.15
69463,Haiti,PMO - US,Direct Drop,EXW,Ocean,9-Jan-15,9-Jan-15,ARV,Adult,MICRO LABS LIMITED,SKU0026,"Efavirenz 600mg, tablets, 30 Tabs",Generic,30,43065,128333.7,2.98,0.1,"Micro labs, Verna, Goa, India",See ASN-28761 (ID#:38632),See ASN-28761 (ID#:38632),131.93
69483,South Africa,PMO - US,Direct Drop,DDP,Truck,28-Nov-14,28-Nov-14,ARV,Adult,PHARMACY DIRECT,SKU0058,"Abacavir 300mg, tablets, 60 Tabs",Generic,60,39,1944.25,49.85,0.83,"Aurobindo Unit III, India",Weight Captured Separately,Freight Included in Commodity Cost,2
69493,Vietnam,PMO - US,Direct Drop,FCA,Air,31-Aug-15,31-Aug-15,ARV,Adult,ABBVIE LOGISTICS (FORMERLY ABBOTT LOGISTICS BV),SKU0008,"Lopinavir/Ritonavir 200/50mg [Aluvia], tablets, 120 Tabs",Aluvia,120,2700,164160,60.8,0.51,ABBVIE Ludwigshafen Germany,Weight Captured Separately,Invoiced Separately,193.22
69505,South Africa,PMO - US,Direct Drop,DDP,Truck,29-Aug-14,29-Aug-14,ARV,Adult,S. BUYS WHOLESALER,SKU0044,"Lamivudine/Nevirapine/Stavudine 150/200/30mg, tablets, 60 Tabs",Generic,60,19,574.65,30.24,0.5,"Cipla, Goa, India",Weight Captured Separately,Freight Included in Commodity Cost,0.71
69528,Nigeria,PMO - US,Direct Drop,EXW,Air,28-Nov-12,27-Nov-12,HRDT,HIV test,"Orgenics, Ltd",SKU0002,"HIV 1/2, Determine Complete HIV Kit, 100 Tests",Determine,100,2744,244216,89,0.89,"Alere Medical Co., Ltd.",1303,28734.43,342.39
69572,Cameroon,PMO - US,Direct Drop,EXW,Air,18-Jul-15,18-Jul-15,ARV,Adult,MYLAN LABORATORIES LTD (FORMERLY MATRIX LABORATORIES),SKU0119,"Atazanavir/Ritonavir 300/100mg, tablets, 30 Tabs",Generic,30,7108,138606,19.5,0.65,Mylan (formerly Matrix) Nashik,949,8024.1,163.14
69591,Uganda,PMO - US,Direct Drop,EXW,Air,10-Jun-14,10-Jun-14,HRDT,HIV test,BIO-RAD LABORATORIES (FRANCE),SKU0163,"HIV, Multispot HIV-1/HIV-2 Rapid Test Kit, 50 Tests",Multispot,50,80,99402.4,1242.53,24.85,Bio-Rad Laboratories,Weight Captured Separately,Invoiced Separately,102.19
69606,"Congo, DRC",PMO - US,Direct Drop,EXW,Air,2-Jul-15,2-Jul-15,HRDT,HIV test,"Trinity Biotech, Plc",SKU0009,"HIV 1/2, Uni-Gold HIV Kit, 20 Tests",Uni-Gold,20,15,480,32,1.6,"Trinity Biotech, Plc",See ASN-31750 (ID#:19272),See ASN-31750 (ID#:19272),0.56
69630,South Africa,PMO - US,Direct Drop,DDP,Truck,27-Aug-14,27-Aug-14,ARV,Pediatric,S. BUYS WHOLESALER,SKU0066,"Efavirenz 200mg, capsule, 90 Caps",Generic,90,22,580.11,26.37,0.29,"Aurobindo Unit III, India",Weight Captured Separately,Freight Included in Commodity Cost,0.72
69647,Uganda,PMO - US,Direct Drop,DAP,Air,13-Feb-13,13-Feb-13,ARV,Adult,ASPEN PHARMACARE,SKU0115,"Etravirine 100mg [Intelence], tablets, 120 Tabs",Intelence,120,194,6984,36,0.3,"Janssen-Cilag, Latina, IT",See ASN-18152 (ID#:66768),See ASN-18152 (ID#:66768),8.64
69657,"Congo, DRC",PMO - US,Direct Drop,EXW,Air,2-Jul-15,2-Jul-15,HRDT,HIV test,"Trinity Biotech, Plc",SKU0009,"HIV 1/2, Uni-Gold HIV Kit, 20 Tests",Uni-Gold,20,214,6848,32,1.6,"Trinity Biotech, Plc",See ASN-31750 (ID#:19272),See ASN-31750 (ID#:19272),8.06
69659,Haiti,PMO - US,Direct Drop,EXW,Ocean,17-Nov-14,17-Nov-14,ARV,Pediatric,MYLAN LABORATORIES LTD (FORMERLY MATRIX LABORATORIES),SKU0140,"Lamivudine/Nevirapine/Zidovudine 30/50/60mg, dispersible tablets, 60 Tabs",Generic,60,1152,4147.2,3.6,0.06,Mylan (formerly Matrix) Nashik,See ASN-28246 (ID#:33379),See ASN-28246 (ID#:33379),4.26
69667,South Africa,PMO - US,Direct Drop,DDP,Truck,6-Feb-14,6-Feb-14,ARV,Adult,S. BUYS WHOLESALER,SKU0029,"Tenofovir Disoproxil Fumarate 300mg, tablets, 30 Tabs",Generic,30,141,2682.45,19.02,0.63,"Aurobindo Unit III, India",Weight Captured Separately,Freight Included in Commodity Cost,3.32
69683,Tanzania,PMO - US,Direct Drop,EXW,Air,14-Jul-11,14-Jul-11,HRDT,HIV test,"Standard Diagnostics, Inc.",SKU0019,"HIV 1/2, Bioline 3.0 Kit, Lancets, Capillary pipets, Alcohol swabs included, 25 Tests",Bioline,25,10000,200000,20,0.8,"Standard Diagnostics, Korea",3334,23623.43,330
69701,Vietnam,PMO - US,Direct Drop,EXW,Air,29-Jul-14,29-Jul-14,ARV,Adult,HETERO LABS LIMITED,SKU0014,"Zidovudine 300mg, tablets, 60 Tabs",Generic,60,300,1650,5.5,0.09,Hetero Unit III Hyderabad IN,See ASN-26923 (ID#:13027),See ASN-26923 (ID#:13027),1.7
69754,Zambia,PMO - US,Direct Drop,EXW,Air,18-Mar-10,18-Mar-10,HRDT,HIV test,"Orgenics, Ltd",SKU0002,"HIV 1/2, Determine Complete HIV Kit, 100 Tests",Determine,100,2100,151200,72,0.72,Inverness Japan,1016,16061.5,325.99
69767,Vietnam,PMO - US,Direct Drop,EXW,Air,19-Jan-10,19-Jan-10,ARV,Adult,CIPLA LIMITED,SKU0044,"Lamivudine/Nevirapine/Stavudine 150/200/30mg, tablets, 60 Tabs",Generic,60,40400,248460,6.15,0.1,"Cipla, Goa, India",3919,12704,486.98
69783,Haiti,PMO - US,Direct Drop,FCA,Air,26-Sep-14,26-Sep-14,ARV,Pediatric,ABBVIE LOGISTICS (FORMERLY ABBOTT LOGISTICS BV),SKU0045,"Lopinavir/Ritonavir 100/25mg [Aluvia], tablets, 60 Tabs",Generic,60,1320,7840.8,5.94,0.1,ABBVIE Ludwigshafen Germany,See ASN-27824 (ID#:26961),See ASN-27824 (ID#:26961),8.06
69790,Uganda,PMO - US,Direct Drop,CIP,Air,12-Dec-12,12-Dec-12,ARV,Adult,MERCK SHARP & DOHME IDEA GMBH (FORMALLY MERCK SHARP & DOHME B.V.),SKU0129,"Raltegravir 400mg [Isentress], tablets, 60 Tabs",Isentress,60,774,42957,55.5,0.92,"MSD, Haarlem, NL",92,1114,53.14
69871,Vietnam,PMO - US,Direct Drop,EXW,Air,21-Sep-11,21-Sep-11,ARV,Adult,HETERO LABS LIMITED,SKU0044,"Lamivudine/Nevirapine/Stavudine 150/200/30mg, tablets, 60 Tabs",Generic,60,22925,110040,4.8,0.08,Hetero Unit III Hyderabad IN,3723,19056.13,181.57
69875,South Africa,PMO - US,Direct Drop,DDP,Air,13-Oct-10,17-Nov-10,ARV,Adult,CIPLA LIMITED,SKU0029,"Tenofovir Disoproxil Fumarate 300mg, tablets, 30 Tabs",Generic,30,51828,405294.96,7.82,0.26,"Cipla, Goa, India",3543,3646.13,873.82
69881,Haiti,PMO - US,Direct Drop,FCA,Air,5-Apr-11,5-Apr-11,ARV,Pediatric,BRISTOL-MYERS SQUIBB,SKU0046,"Didanosine 50mg [Videx], chewable tablets, 60 Tabs",Videx,60,300,2850,9.5,0.16,"BMS Meymac, France",See ASN-10007 (ID#:23194),See ASN-10007 (ID#:23194),4.7
69898,South Sudan,PMO - US,Direct Drop,EXW,Air,3-Jun-15,3-Jun-15,HRDT,HIV test,"Orgenics, Ltd",SKU0002,"HIV 1/2, Determine Complete HIV Kit, 100 Tests",Determine,100,30,2670,89,0.89,"Alere Medical Co., Ltd.",See ASN-31335 (ID#:42778),See ASN-31335 (ID#:42778),3.14
69900,Côte d'Ivoire,PMO - US,Direct Drop,EXW,Air,4-Jun-13,4-Jun-13,HRDT,HIV test,"Orgenics, Ltd",SKU0002,"HIV 1/2, Determine Complete HIV Kit, 100 Tests",Determine,100,2954,236320,80,0.8,"Alere Medical Co., Ltd.",1284,125.42,292.33
69903,Zimbabwe,PMO - US,Direct Drop,EXW,Air,28-Nov-14,28-Nov-14,ARV,Pediatric,MICRO LABS LIMITED,SKU0066,"Efavirenz 200mg, capsule, 90 Caps",Generic,90,5291,23386.22,4.42,0.05,"Micro labs, Verna, Goa, India",800,5697.64,24.04
69908,South Africa,PMO - US,Direct Drop,DDP,Ocean,26-Apr-11,12-Apr-11,ARV,Adult,Aurobindo Pharma Limited,SKU0026,"Efavirenz 600mg, tablets, 30 Tabs",Generic,30,128467,581955.51,4.53,0.15,"Aurobindo Unit III, India",11033,11203.81,1254.7
69922,"Congo, DRC",PMO - US,Direct Drop,EXW,Air,2-Jul-15,2-Jul-15,HRDT,HIV test,"Trinity Biotech, Plc",SKU0009,"HIV 1/2, Uni-Gold HIV Kit, 20 Tests",Uni-Gold,20,77,2464,32,1.6,"Trinity Biotech, Plc",See ASN-31750 (ID#:19272),See ASN-31750 (ID#:19272),2.9
69925,Kenya,PMO - US,Direct Drop,EXW,Air,31-Oct-11,31-Oct-11,HRDT,HIV test,"Standard Diagnostics, Inc.",SKU0019,"HIV 1/2, Bioline 3.0 Kit, Lancets, Capillary pipets, Alcohol swabs included, 25 Tests",Bioline,25,15304,306080,20,0.8,"Standard Diagnostics, Korea",5102,33718.08,505.03
69952,Nigeria,PMO - US,Direct Drop,FCA,Air,2-Jun-15,2-Jun-15,ARV,Pediatric,ABBVIE LOGISTICS (FORMERLY ABBOTT LOGISTICS BV),SKU0042,"Lopinavir/Ritonavir 80/20mg/ml [Kaletra], oral solution, cool, Bottle 5 x 60 ml",Kaletra,300,789,24316.98,30.82,0.1,ABBVIE (Abbott) Logis. UK,794,5808.69,25
69968,South Africa,PMO - US,Direct Drop,DDP,Truck,30-Oct-09,30-Oct-09,ARV,Pediatric,S. BUYS WHOLESALER,SKU0049,"Efavirenz 50mg, capsule, 30 Caps",Generic,30,90,369.49,4.11,0.14,"Aurobindo Unit III, India",Weight Captured Separately,Freight Included in Commodity Cost,0.72
70014,South Africa,South Africa Field Office,Direct Drop,DDP,Truck,16-Apr-13,16-Apr-13,ARV,Adult,S. BUYS WHOLESALER,SKU0150,"Lamivudine/Zidovudine 150/300mg [Combivir], tablets, 60 Tabs",Combivir,60,2,71.35,35.67,0.59,"GSK, U1, Poznan, Poland",Weight Captured Separately,Freight Included in Commodity Cost,0.09
70029,Vietnam,PMO - US,Direct Drop,EXW,Air,29-Jul-10,29-Jul-10,ARV,Adult,Aurobindo Pharma Limited,SKU0011,"Lamivudine/Zidovudine 150/300mg, tablets, 60 Tabs",Generic,60,9072,77565.6,8.55,0.14,"Aurobindo Unit III, India",902,7421.81,167.23
70041,Rwanda,PMO - US,Direct Drop,EXW,Air,27-May-15,27-May-15,ARV,Adult,EMCURE PHARMACEUTICALS LTD,SKU0119,"Atazanavir/Ritonavir 300/100mg, tablets, 30 Tabs",Generic,30,8000,144000,18,0.6,"Emcure Plot No.P-2, I.T-B.T. Park, Phase II, MIDC, Hinjwadi, Pune, India",1045,6949.93,148.03
70044,Uganda,PMO - US,Direct Drop,EXW,Air,19-Dec-14,19-Dec-14,HRDT,HIV test,"Orgenics, Ltd",SKU0002,"HIV 1/2, Determine Complete HIV Kit, 100 Tests",Determine,100,2500,200000,80,0.8,"Alere Medical Co., Ltd.",1010,8399.6,205.6
70131,Vietnam,PMO - US,Direct Drop,FCA,Air,31-Mar-15,31-Mar-15,ARV,Adult,ABBVIE LOGISTICS (FORMERLY ABBOTT LOGISTICS BV),SKU0118,"Ritonavir 100mg [Norvir], film coated tablets, 30 Tabs",Norvir,30,572,13304.72,23.26,0.78,ABBVIE Ludwigshafen Germany,See ASN-30674 (ID#:54100),See ASN-30674 (ID#:54100),15.66
70138,South Africa,PMO - US,Direct Drop,DDP,Truck,28-Aug-14,28-Aug-14,ARV,Adult,PHARMACY DIRECT,SKU0026,"Efavirenz 600mg, tablets, 30 Tabs",Generic,30,120,1871.52,15.6,0.52,"Aurobindo Unit III, India",Weight Captured Separately,Freight Included in Commodity Cost,1.92
70144,South Sudan,PMO - US,Direct Drop,EXW,Air,9-Jan-15,9-Jan-15,HRDT,HIV test,"Trinity Biotech, Plc",SKU0009,"HIV 1/2, Uni-Gold HIV Kit, 20 Tests",Uni-Gold,20,35,1120,32,1.6,"Trinity Biotech, Plc",See ASN-29503 (ID#:13571),See ASN-29503 (ID#:13571),1.15
70162,Zimbabwe,PMO - US,Direct Drop,EXW,Air,4-Jan-10,4-Jan-10,HRDT,HIV test,"Standard Diagnostics, Inc.",SKU0019,"HIV 1/2, Bioline 3.0 Kit, Lancets, Capillary pipets, Alcohol swabs included, 25 Tests",Bioline,25,5080,101600,20,0.8,"Standard Diagnostics, Korea",1694,12127.58,219.05
70184,South Africa,PMO - US,Direct Drop,DDP,Ocean,6-Aug-11,6-Aug-11,ARV,Adult,CIPLA LIMITED,SKU0029,"Tenofovir Disoproxil Fumarate 300mg, tablets, 30 Tabs",Generic,30,65000,420550,6.47,0.22,"Cipla, Goa, India",4364,10758.45,693.91
70207,Vietnam,PMO - US,Direct Drop,EXW,Air,9-Oct-12,9-Oct-12,ARV,Adult,MYLAN LABORATORIES LTD (FORMERLY MATRIX LABORATORIES),SKU0054,"Lamivudine/Nevirapine/Zidovudine 150/200/300mg, tablets, 60 Tabs",Generic,60,12665,118417.75,9.35,0.16,Mylan (formerly Matrix) Nashik,See ASN-16123 (ID#:20371),See ASN-16123 (ID#:20371),166.02
70210,Vietnam,PMO - US,Direct Drop,EXW,Air,21-Dec-10,21-Dec-10,ARV,Adult,MYLAN LABORATORIES LTD (FORMERLY MATRIX LABORATORIES),SKU0029,"Tenofovir Disoproxil Fumarate 300mg, tablets, 30 Tabs",Generic,30,5208,35154,6.75,0.22,Mylan (formerly Matrix) Nashik,See ASN-9090 (ID#:29979),See ASN-9090 (ID#:29979),75.79
70211,South Africa,PMO - US,Direct Drop,DDP,Truck,28-Aug-14,28-Aug-14,ARV,Pediatric,PHARMACY DIRECT,SKU0048,"Lamivudine 10mg/ml, oral solution, Bottle, 240 ml",Generic,240,20,143.05,7.15,0.03,"Aurobindo Unit III, India",Weight Captured Separately,Freight Included in Commodity Cost,0.15
70212,Botswana,PMO - US,Direct Drop,EXW,Air,6-Sep-10,6-Sep-10,HRDT,HIV test,"Orgenics, Ltd",SKU0017,"HIV 1/2, Determine HIV Kit, without Lancets, 100 Tests",Determine,100,8,560,70,0.7,Inverness Japan,2,807.65,1.1
70219,Nigeria,PMO - US,Direct Drop,EXW,Air,30-Jun-15,30-Jun-15,HRDT,HIV test,"Orgenics, Ltd",SKU0002,"HIV 1/2, Determine Complete HIV Kit, 100 Tests",Determine,100,5681,505609,89,0.89,"Alere Medical Co., Ltd.",2307,26294.95,595.1
70230,Rwanda,PMO - US,Direct Drop,EXW,Air,16-Feb-10,16-Feb-10,HRDT,HIV test,"Orgenics, Ltd",SKU0017,"HIV 1/2, Determine HIV Kit, without Lancets, 100 Tests",Determine,100,5085,355950,70,0.7,Inverness Japan,1154,46723.42,697.66
70236,Guatemala,PMO - US,Direct Drop,FCA,Air,18-Apr-11,18-Apr-11,ARV,Adult,Hoffmann-La Roche ltd Basel,SKU0141,"Saquinavir 500mg [Invirase], tablets, 120 Tabs",Invirase,120,175,41553.18,237.45,1.98,Roche Basel,31,566.56,68.56
70260,South Africa,PMO - US,Direct Drop,DDP,Truck,29-Dec-09,29-Dec-09,ARV,Adult,S. BUYS WHOLESALER,SKU0033,"Abacavir 300mg [Ziagen], tablets, Blister 6 x 10 Tabs",Ziagen,60,40,1607.43,40.19,0.67,GSK Ware (UK),Weight Captured Separately,Freight Included in Commodity Cost,3.47
70299,South Africa,PMO - US,Direct Drop,DDP,Ocean,11-Jan-11,4-Mar-11,ARV,Adult,Aurobindo Pharma Limited,SKU0014,"Zidovudine 300mg, tablets, 60 Tabs",Generic,60,86467,633803.11,7.33,0.12,"Aurobindo Unit III, India",4364,4295.6,1366.48
70309,Burundi,PMO - US,Direct Drop,EXW,Air,2-Feb-15,2-Feb-15,HRDT,HIV test,"Orgenics, Ltd",SKU0002,"HIV 1/2, Determine Complete HIV Kit, 100 Tests",Determine,100,1608,128640,80,0.8,"Alere Medical Co., Ltd.",958,15012.16,132.24
70329,South Africa,PMO - US,Direct Drop,DDP,Truck,12-May-15,12-May-15,ARV,Adult,PHARMACY DIRECT,SKU0129,"Raltegravir 400mg [Isentress], tablets, 60 Tabs",Isentress,60,3,183.49,61.16,1.02,"MSD, Haarlem, NL",Weight Captured Separately,Freight Included in Commodity Cost,0.19
70356,South Africa,PMO - US,Direct Drop,DDP,Ocean,22-Dec-11,4-Jan-12,ARV,Adult,Aurobindo Pharma Limited,SKU0026,"Efavirenz 600mg, tablets, 30 Tabs",Generic,30,246113,1048441.38,4.26,0.14,"Aurobindo Unit III, India",20896,16429.13,1729.93
70366,Côte d'Ivoire,PMO - US,Direct Drop,CIP,Air,16-Apr-10,16-Apr-10,ARV,Adult,MERCK SHARP & DOHME IDEA GMBH (FORMALLY MERCK SHARP & DOHME B.V.),SKU0038,"Efavirenz/Emtricitabine/Tenofovir Disoproxil Fumarate 600/200/300mg [Atripla], tablets, 30 Tabs",Atripla,30,3600,181440,50.4,1.68,"MSD, Haarlem, NL",402,1924.57,355.62
70368,South Africa,PMO - US,Direct Drop,DDP,Truck,28-Aug-14,28-Aug-14,ARV,Pediatric,PHARMACY DIRECT,SKU0066,"Efavirenz 200mg, capsule, 90 Caps",Generic,90,58,1368.05,23.59,0.26,"Aurobindo Unit III, India",Weight Captured Separately,Freight Included in Commodity Cost,1.41
70374,Haiti,PMO - US,Direct Drop,EXW,Air,13-Mar-15,13-Mar-15,ARV,Adult,MYLAN LABORATORIES LTD (FORMERLY MATRIX LABORATORIES),SKU0058,"Abacavir 300mg, tablets, 60 Tabs",Generic,60,4680,51433.2,10.99,0.18,Mylan (formerly Matrix) Nashik,487,3463.53,52.87
70404,Vietnam,PMO - US,Direct Drop,EXW,Air,24-Sep-13,24-Sep-13,ARV,Adult,HETERO LABS LIMITED,SKU0026,"Efavirenz 600mg, tablets, 30 Tabs",Generic,30,14374,46571.76,3.24,0.11,"Hetero, Jadcherla, unit 5, IN",1228,1849.17,57.61
70461,Rwanda,PMO - US,Direct Drop,CIP,Air,7-Jan-11,7-Jan-11,ARV,Adult,CIPLA LIMITED,SKU0135,"Lopinavir/Ritonavir 200/50mg, tablets, 120 Tabs",Generic,120,1802,61808.6,34.3,0.29,Cipla Ltd A-42 MIDC Mahar. IN,Weight Captured Separately,Freight Included in Commodity Cost,133.26
70471,South Africa,PMO - US,Direct Drop,DDP,Air,12-Aug-11,12-Aug-11,ARV,Pediatric,GLAXOSMITHKLINE EXPORT LIMITED,SKU0087,"Abacavir 20mg/ml [Ziagen], oral solution, Bottle, 240 ml",Ziagen,240,32000,320640,10.02,0.04,GSK Mississauga (Canada),12264,10277.92,529.06
70486,Vietnam,PMO - US,Direct Drop,EXW,Air,5-Sep-11,5-Sep-11,ARV,Adult,MYLAN LABORATORIES LTD (FORMERLY MATRIX LABORATORIES),SKU0054,"Lamivudine/Nevirapine/Zidovudine 150/200/300mg, tablets, 60 Tabs",Generic,60,24428,268463.72,10.99,0.18,Mylan (formerly Matrix) Nashik,3408,13674.64,442.97
70505,Uganda,PMO - US,Direct Drop,EXW,Ocean,8-Nov-13,8-Nov-13,ARV,Adult,STRIDES ARCOLAB LIMITED,SKU0026,"Efavirenz 600mg, tablets, 30 Tabs",Generic,30,63652,203049.88,3.19,0.11,"Strides, Bangalore, India.",3914,7769.41,251.17
70508,South Africa,PMO - US,Direct Drop,DDP,Ocean,12-Jan-11,6-Jan-11,ARV,Adult,Aurobindo Pharma Limited,SKU0029,"Tenofovir Disoproxil Fumarate 300mg, tablets, 30 Tabs",Generic,30,80381,555432.71,6.91,0.23,"Aurobindo Unit III, India",7503,6147.08,1197.51
70511,Côte d'Ivoire,PMO - US,Direct Drop,EXW,Air,14-Feb-14,14-Feb-14,ARV,Pediatric,Aurobindo Pharma Limited,SKU0148,"Didanosine 200mg, delayed-release capsules, 30 Caps",Generic,30,827,9097,11,0.37,"Aurobindo Unit III, India",72,1721.91,9.35
70516,Nigeria,PMO - US,Direct Drop,EXW,Air,19-Jan-15,19-Jan-15,HRDT,HIV test,"Orgenics, Ltd",SKU0002,"HIV 1/2, Determine Complete HIV Kit, 100 Tests",Determine,100,3176,282664,89,0.89,"Alere Medical Co., Ltd.",1288,16002.97,290.58
70526,Vietnam,PMO - US,Direct Drop,EXW,Air,13-Aug-14,13-Aug-14,ARV,Adult,HETERO LABS LIMITED,SKU0058,"Abacavir 300mg, tablets, 60 Tabs",Generic,60,950,10877.5,11.45,0.19,Hetero Unit III Hyderabad IN,See ASN-26927 (ID#:26612),See ASN-26927 (ID#:26612),11.18
70531,Haiti,PMO - US,Direct Drop,EXW,Air,14-Aug-13,14-Aug-13,ARV,Adult,MICRO LABS LIMITED,SKU0007,"Nevirapine 200mg, tablets, 60 Tabs",Generic,60,15825,34815,2.2,0.04,"Micro labs, Verna, Goa, India",See ASN-20434 (ID#:13874),See ASN-20434 (ID#:13874),43.07
70553,Haiti,PMO - US,Direct Drop,EXW,Air,1-Aug-14,1-Aug-14,ARV,Pediatric,CIPLA LIMITED,SKU0140,"Lamivudine/Nevirapine/Zidovudine 30/50/60mg, dispersible tablets, 60 Tabs",Generic,60,2594,9338.4,3.6,0.06,"Cipla, Goa, India",231,2076.58,9.6
70554,Haiti,PMO - US,Direct Drop,EXW,Air,17-Dec-10,17-Dec-10,HRDT,HIV test,Orasure Technologies Inc.,SKU0018,"HIV 1/2, OraQuick Advance HIV Rapid Antibody Kit, 100 Tests",OraQuick,100,85,29750,350,3.5,"Orasure Technologies, Inc",187,3254.23,64.14
70559,Vietnam,PMO - US,Direct Drop,EXW,Air,26-Jul-11,26-Jul-11,ARV,Adult,STRIDES ARCOLAB LIMITED,SKU0003,"Lamivudine 150mg, tablets, 60 Tabs",Generic,60,50000,117500,2.35,0.04,"Strides, Bangalore, India.",2537,9145.1,193.88
70573,South Africa,PMO - US,Direct Drop,DDP,Truck,27-Aug-14,27-Aug-14,ARV,Pediatric,S. BUYS WHOLESALER,SKU0049,"Efavirenz 50mg, capsule, 30 Caps",Generic,30,19,63.01,3.32,0.11,"Aurobindo Unit III, India",Weight Captured Separately,Freight Included in Commodity Cost,0.08
70577,Vietnam,PMO - US,Direct Drop,EXW,Air,23-Dec-10,23-Dec-10,ARV,Adult,STRIDES ARCOLAB LIMITED,SKU0003,"Lamivudine 150mg, tablets, 60 Tabs",Generic,60,29847,70140.45,2.35,0.04,"Strides, Bangalore, India.",1403,6475.64,151.22
70582,"Congo, DRC",PMO - US,Direct Drop,EXW,Air,23-Jul-15,23-Jul-15,HRDT,HIV test,"Orgenics, Ltd",SKU0002,"HIV 1/2, Determine Complete HIV Kit, 100 Tests",Determine,100,56,4480,80,0.8,"Alere Medical Co., Ltd.",See ASN-32231 (ID#:13648),See ASN-32231 (ID#:13648),5.27
70614,Uganda,PMO - US,Direct Drop,EXW,Air,29-Apr-13,29-Apr-13,HRDT,HIV test,"Orgenics, Ltd",SKU0002,"HIV 1/2, Determine Complete HIV Kit, 100 Tests",Determine,100,3035,242800,80,0.8,"Alere Medical Co., Ltd.",1346,32471.83,300.34
70619,Vietnam,PMO - US,Direct Drop,EXW,Air,9-Oct-12,9-Oct-12,ARV,Adult,HETERO LABS LIMITED,SKU0003,"Lamivudine 150mg, tablets, 60 Tabs",Generic,60,27634,58031.4,2.1,0.04,Hetero Unit III Hyderabad IN,1616,3147.88,81.36
70714,Nigeria,PMO - US,Direct Drop,EXW,Air,19-Aug-14,19-Aug-14,HRDT,HIV test,"Orgenics, Ltd",SKU0002,"HIV 1/2, Determine Complete HIV Kit, 100 Tests",Determine,100,6101,542989,89,0.89,"Alere Medical Co., Ltd.",2471,35912.43,558.19
70733,Vietnam,PMO - US,Direct Drop,EXW,Air,30-Jan-13,30-Jan-13,ARV,Adult,MICRO LABS LIMITED,SKU0003,"Lamivudine 150mg, tablets, 60 Tabs",Generic,60,22430,41271.2,1.84,0.03,"Micro labs, Verna, Goa, India",939,2040.93,57.86
70750,South Sudan,PMO - US,Direct Drop,EXW,Air,9-Jan-15,9-Jan-15,HRDT,HIV test,"Trinity Biotech, Plc",SKU0009,"HIV 1/2, Uni-Gold HIV Kit, 20 Tests",Uni-Gold,20,450,14400,32,1.6,"Trinity Biotech, Plc",See ASN-29503 (ID#:13571),See ASN-29503 (ID#:13571),14.8
70763,Vietnam,PMO - US,Direct Drop,EXW,Air,23-Mar-10,23-Mar-10,ARV,Adult,Aurobindo Pharma Limited,SKU0029,"Tenofovir Disoproxil Fumarate 300mg, tablets, 30 Tabs",Generic,30,8400,65100,7.75,0.26,"Aurobindo Unit III, India",909,5964.52,140.36
70788,Nigeria,PMO - US,Direct Drop,EXW,Air,1-Aug-12,1-Aug-12,HRDT,HIV test,"Orgenics, Ltd",SKU0002,"HIV 1/2, Determine Complete HIV Kit, 100 Tests",Determine,100,3200,284800,89,0.89,"Alere Medical Co., Ltd.",1533,35813.98,399.29
70795,Tanzania,PMO - US,Direct Drop,EXW,Air,27-Sep-12,4-Oct-12,ARV,Adult,Aurobindo Pharma Limited,SKU0011,"Lamivudine/Zidovudine 150/300mg, tablets, 60 Tabs",Generic,60,53051,379314.65,7.15,0.12,"Aurobindo Unit III, India",4611,21225.33,531.8
70797,South Africa,PMO - US,Direct Drop,DDP,Truck,12-May-15,12-May-15,ARV,Adult,PHARMACY DIRECT,SKU0129,"Raltegravir 400mg [Isentress], tablets, 60 Tabs",Isentress,60,6,366.99,61.16,1.02,"MSD, Haarlem, NL",Weight Captured Separately,Freight Included in Commodity Cost,0.38
70812,Tanzania,PMO - US,Direct Drop,FCA,Air,15-Mar-13,15-Mar-13,ARV,Pediatric,ABBVIE LOGISTICS (FORMERLY ABBOTT LOGISTICS BV),SKU0045,"Lopinavir/Ritonavir 100/25mg [Aluvia], tablets, 60 Tabs",Generic,60,407,2592.59,6.37,0.11,ABBVIE Ludwigshafen Germany,68,1264.16,3.63
70813,Vietnam,PMO - US,Direct Drop,EXW,Air,10-Dec-12,10-Dec-12,ARV,Pediatric,Aurobindo Pharma Limited,SKU0126,"Nevirapine 10mg/ml, oral suspension w/syringe, Bottle, 240 ml",Generic,240,436,850.2,1.95,0.01,"Aurobindo Unit III, India",See ASN-17077 (ID#:37031),See ASN-17077 (ID#:37031),1.19
70823,Uganda,PMO - US,Direct Drop,FCA,Air,5-Jul-13,5-Jul-13,ARV,Adult,ABBVIE LOGISTICS (FORMERLY ABBOTT LOGISTICS BV),SKU0110,"Ritonavir 100mg [Norvir], film coated tablets, 60 Tabs",Norvir,60,337,2308.45,6.85,0.11,ABBVIE Ludwigshafen Germany,55,1013.7,2.86
70844,South Sudan,PMO - US,Direct Drop,EXW,Air,22-Dec-14,22-Dec-14,HRDT,HIV test,"Orgenics, Ltd",SKU0002,"HIV 1/2, Determine Complete HIV Kit, 100 Tests",Determine,100,350,31150,89,0.89,"Alere Medical Co., Ltd.",See ASN-29409 (ID#:20185),See ASN-29409 (ID#:20185),32.02
70912,Rwanda,PMO - US,Direct Drop,EXW,Air,28-Apr-14,28-Apr-14,HRDT,HIV test,"SHANGHAI KEHUA BIOENGINEERING CO.,LTD.  (KHB)",SKU0063,"HIV 1/2, SKB Colloidal Gold, Diagnostic Kit, Antibody, 50 Tests",Colloidal Gold,1,5994,146853,24.5,24.5,"KHB Test Kit Facility, Shanghai China",3996,53062.21,150.96
70978,Uganda,PMO - US,Direct Drop,EXW,Air,19-Aug-13,19-Aug-13,ARV,Pediatric,MICRO LABS LIMITED,SKU0049,"Efavirenz 50mg, capsule, 30 Caps",Generic,30,252,509.04,2.02,0.07,"Micro labs, Verna, Goa, India",9,1678.53,0.63
70979,Rwanda,PMO - US,Direct Drop,EXW,Air,9-Sep-12,9-Sep-12,ARV,Adult,Aurobindo Pharma Limited,SKU0007,"Nevirapine 200mg, tablets, 60 Tabs",Generic,60,58234,131026.5,2.25,0.04,"Aurobindo Unit III, India",5551,49069.74,183.7
70981,Kenya,PMO - US,Direct Drop,EXW,Air,18-Jan-10,18-Jan-10,HRDT,HIV test,"Orgenics, Ltd",SKU0002,"HIV 1/2, Determine Complete HIV Kit, 100 Tests",Determine,100,3250,260000,80,0.8,Inverness Japan,979,9507.81,509.6
70991,South Africa,PMO - US,Direct Drop,DDP,Ocean,7-Dec-11,7-Dec-11,ARV,Adult,HETERO LABS LIMITED,SKU0026,"Efavirenz 600mg, tablets, 30 Tabs",Generic,30,92500,435675,4.71,0.16,Hetero Unit III Hyderabad IN,7878,8134.37,718.86
71001,Zambia,PMO - US,Direct Drop,EXW,Air,20-Jul-14,20-Jul-14,ARV,Adult,Aurobindo Pharma Limited,SKU0007,"Nevirapine 200mg, tablets, 60 Tabs",Generic,60,12425,27956.25,2.25,0.04,"Aurobindo Unit III, India",1273,6637.36,28.74
71009,Liberia,PMO - US,Direct Drop,EXW,Air,31-Oct-11,31-Oct-11,HRDT,HIV test,"Trinity Biotech, Plc",SKU0009,"HIV 1/2, Uni-Gold HIV Kit, 20 Tests",Uni-Gold,20,20,640,32,1.6,"Trinity Biotech, Plc",7,498.72,1.06
71012,Botswana,PMO - US,Direct Drop,EXW,Air,3-Mar-10,3-Mar-10,HRDT,HIV test,"Orgenics, Ltd",SKU0017,"HIV 1/2, Determine HIV Kit, without Lancets, 100 Tests",Determine,100,8,560,70,0.7,Inverness Japan,3,690.02,1.1
71016,Ghana,PMO - US,Direct Drop,EXW,Air,17-Jul-14,17-Jul-14,ARV,Pediatric,Aurobindo Pharma Limited,SKU0049,"Efavirenz 50mg, capsule, 30 Caps",Generic,30,38584,60191.04,1.56,0.05,"Aurobindo Unit III, India",2773,21807.62,61.88
71045,South Sudan,PMO - US,Direct Drop,EXW,Air,2-Jul-15,7-Jul-15,HRDT,HIV test - Ancillary,"Orgenics, Ltd",SKU0084,"Capillary Tubes, for Determine, EDTA, 50uL,100 Pcs",Determine,100,50,400,8,0.08,"Alere Medical Co., Ltd.",See ASN-32107 (ID#:16391),See ASN-32107 (ID#:16391),0.47
71060,South Africa,PMO - US,Direct Drop,DDP,Truck,5-Aug-09,5-Aug-09,ARV,Adult,S. BUYS WHOLESALER,SKU0033,"Abacavir 300mg [Ziagen], tablets, Blister 6 x 10 Tabs",Ziagen,60,250,11850.3,47.4,0.79,GSK Ware (UK),Weight Captured Separately,Freight Included in Commodity Cost,23.23
71064,Rwanda,PMO - US,Direct Drop,EXW,Air,4-Aug-12,4-Aug-12,ARV,Adult,HETERO LABS LIMITED,SKU0107,"Lamivudine/Tenofovir Disoproxil Fumarate 300/300mg, tablets, 30 Tabs",Generic,30,40805,195455.95,4.79,0.16,Hetero Unit III Hyderabad IN,4574,45060.6,274.03
71076,South Africa,PMO - US,Direct Drop,DDP,Truck,19-Feb-15,19-Feb-15,ARV,Adult,PHARMACY DIRECT,SKU0129,"Raltegravir 400mg [Isentress], tablets, 60 Tabs",Isentress,60,3,253.94,84.65,1.41,"MSD, Haarlem, NL",Weight Captured Separately,Freight Included in Commodity Cost,0.26
71096,South Africa,PMO - US,Direct Drop,DDP,Ocean,26-Apr-11,8-Jun-11,ARV,Adult,Aurobindo Pharma Limited,SKU0003,"Lamivudine 150mg, tablets, 60 Tabs",Generic,60,25342,60060.54,2.37,0.04,"Aurobindo Unit III, India",1279,11372.22,129.49
71111,Rwanda,PMO - US,Direct Drop,EXW,Air,1-Nov-13,1-Nov-13,HRDT,HIV test,"Orgenics, Ltd",SKU0017,"HIV 1/2, Determine HIV Kit, without Lancets, 100 Tests",Determine,100,3500,271950,77.7,0.78,"Alere Medical Co., Ltd.",795,11855.59,336.4
71116,Haiti,PMO - US,Direct Drop,EXW,Ocean,28-Oct-14,28-Oct-14,ARV,Adult,CIPLA LIMITED,SKU0107,"Lamivudine/Tenofovir Disoproxil Fumarate 300/300mg, tablets, 30 Tabs",Generic,30,11194,51380.46,4.59,0.15,"Cipla, Kurkumbh, India",Weight Captured Separately,Invoiced Separately,52.82
71150,Tanzania,PMO - US,Direct Drop,FCA,Air,24-Jun-14,24-Jun-14,ARV,Pediatric,ABBVIE LOGISTICS (FORMERLY ABBOTT LOGISTICS BV),SKU0045,"Lopinavir/Ritonavir 100/25mg [Aluvia], tablets, 60 Tabs",Generic,60,1956,11618.64,5.94,0.1,ABBVIE Ludwigshafen Germany,230,2215.81,14.37
71167,Nigeria,PMO - US,Direct Drop,FCA,Air,10-Jan-14,10-Jan-14,ARV,Pediatric,ABBVIE LOGISTICS (FORMERLY ABBOTT LOGISTICS BV),SKU0042,"Lopinavir/Ritonavir 80/20mg/ml [Kaletra], oral solution, cool, Bottle 5 x 60 ml",Kaletra,300,1943,59883.26,30.82,0.1,ABBVIE (Abbott) Logis. UK,1848,17654.94,74.08
71180,Zimbabwe,PMO - US,Direct Drop,EXW,Air Charter,23-Jul-14,23-Jul-14,ARV,Adult,Aurobindo Pharma Limited,SKU0107,"Lamivudine/Tenofovir Disoproxil Fumarate 300/300mg, tablets, 30 Tabs",Generic,30,29146,135528.9,4.65,0.16,"Aurobindo Unit VII, IN",2870,19430.86,139.32
71219,Swaziland,PMO - US,Direct Drop,EXW,Air,2-Apr-12,2-Apr-12,HRDT,HIV test,"Orgenics, Ltd",SKU0002,"HIV 1/2, Determine Complete HIV Kit, 100 Tests",Determine,100,130,10400,80,0.8,"Alere Medical Co., Ltd.",60,1360.14,14.58
71237,Zambia,PMO - US,Direct Drop,FCA,Air,22-May-13,22-May-13,ARV,Pediatric,ABBVIE LOGISTICS (FORMERLY ABBOTT LOGISTICS BV),SKU0042,"Lopinavir/Ritonavir 80/20mg/ml [Kaletra], oral solution, cool, Bottle 5 x 60 ml",Kaletra,300,760,23423.2,30.82,0.1,ABBVIE (Abbott) Logis. UK,757,10365.14,28.97
71241,Cameroon,PMO - US,Direct Drop,EXW,Air,10-Oct-13,10-Oct-13,HRDT,HIV test - Ancillary,"Orgenics, Ltd",SKU0136,"Chase Buffer, Determine, 100 Tests, 2.5ml x 1 Vial",Determine,1,50,250,5,5,"Alere Medical Co., Ltd.",See ASN-21679 (ID#:13900),See ASN-21679 (ID#:13900),0.31
71244,South Africa,South Africa Field Office,Direct Drop,DDP,Truck,16-Apr-13,16-Apr-13,ARV,Adult,S. BUYS WHOLESALER,SKU0007,"Nevirapine 200mg, tablets, 60 Tabs",Generic,60,5093,94109.04,18.48,0.31,"Cipla, Goa, India",Weight Captured Separately,Freight Included in Commodity Cost,116.41
71245,Vietnam,PMO - US,Direct Drop,EXW,Air,5-Jul-11,5-Jul-11,ARV,Adult,STRIDES ARCOLAB LIMITED,SKU0003,"Lamivudine 150mg, tablets, 60 Tabs",Generic,60,50000,117500,2.35,0.04,"Strides, Bangalore, India.",2351,10122.75,193.88
71263,Namibia,PMO - US,Direct Drop,EXW,Air,3-Aug-11,3-Aug-11,HRDT,HIV test,"Trinity Biotech, Plc",SKU0009,"HIV 1/2, Uni-Gold HIV Kit, 20 Tests",Uni-Gold,20,728,23296,32,1.6,"Trinity Biotech, Plc",245,6897.71,38.44
71284,Nigeria,PMO - US,Direct Drop,EXW,Air,24-Jun-15,24-Jun-15,ARV,Adult,HETERO LABS LIMITED,SKU0107,"Lamivudine/Tenofovir Disoproxil Fumarate 300/300mg, tablets, 30 Tabs",Generic,30,7026,31617,4.5,0.15,Hetero Unit III Hyderabad IN,See ASN-32527 (ID#:24386),See ASN-32527 (ID#:24386),37.21
71293,Rwanda,PMO - US,Direct Drop,FCA,Air,22-Aug-14,22-Aug-14,ARV,Pediatric,LAWRENCE LABORATORIES (SUBSIDIARY OF BRISTOL MYERS SQUIBB),SKU0144,"Atazanavir 150mg [Reyataz], capsules, 60 Caps",Reyataz,60,216,7311.6,33.85,0.56,"BMS Evansville, US",17,733.64,7.52
71308,Botswana,PMO - US,Direct Drop,EXW,Air,20-Apr-10,20-Apr-10,HRDT,HIV test - Ancillary,Orasure Technologies Inc.,SKU0096,"#109435**HIV, OraQuick Controls Kit, 3 Vials",OraQuick,3,10,250,25,8.33,"Orasure Technologies, Inc USA",7,403.66,0.49
71309,South Sudan,PMO - US,Direct Drop,EXW,Air,15-Jun-12,15-Jun-12,HRDT,HIV test - Ancillary,"Orgenics, Ltd",SKU0084,"Capillary Tubes, for Determine, EDTA, 50uL,100 Pcs",Determine,100,337,2696,8,0.08,"Alere Medical Co., Ltd.",See ASN-14984 (ID#:14988),See ASN-14984 (ID#:14988),3.78
71316,Vietnam,PMO - US,Direct Drop,FCA,Air,19-Mar-15,19-Mar-15,ARV,Adult,ABBVIE LOGISTICS (FORMERLY ABBOTT LOGISTICS BV),SKU0008,"Lopinavir/Ritonavir 200/50mg [Aluvia], tablets, 120 Tabs",Aluvia,120,5000,304000,60.8,0.51,ABBVIE Ludwigshafen Germany,See ASN-30672 (ID#:40443),See ASN-30672 (ID#:40443),357.81
71320,Haiti,PMO - US,Direct Drop,EXW,Air,25-Aug-14,25-Aug-14,ARV,Pediatric,CIPLA LIMITED,SKU0154,"Abacavir 60mg, dispersible tablets, 60 Tabs",Generic,60,482,2410,5,0.08,"Cipla, Patalganga, India",50,1342.44,2.98
71323,Kenya,PMO - US,Direct Drop,EXW,Air,4-Nov-11,4-Nov-11,HRDT,HIV test,"Orgenics, Ltd",SKU0002,"HIV 1/2, Determine Complete HIV Kit, 100 Tests",Determine,100,7238,644182,89,0.89,"Alere Medical Co., Ltd.",1246,13336.64,1062.9
71382,Nigeria,PMO - US,Direct Drop,EXW,Air,28-Nov-12,29-Nov-12,HRDT,HIV test,"Orgenics, Ltd",SKU0002,"HIV 1/2, Determine Complete HIV Kit, 100 Tests",Determine,100,2744,244216,89,0.89,"Alere Medical Co., Ltd.",1303,29251.24,342.39
71386,Nigeria,PMO - US,Direct Drop,EXW,Air,30-Jun-15,29-Jun-15,HRDT,HIV test,"Orgenics, Ltd",SKU0002,"HIV 1/2, Determine Complete HIV Kit, 100 Tests",Determine,100,6350,565150,89,0.89,"Alere Medical Co., Ltd.",2575,29274.16,665.18
71388,South Africa,PMO - US,Direct Drop,DDP,Ocean,31-May-11,13-Jun-11,ARV,Adult,Aurobindo Pharma Limited,SKU0029,"Tenofovir Disoproxil Fumarate 300mg, tablets, 30 Tabs",Generic,30,100,665,6.65,0.22,"Aurobindo Unit III, India",11,8809.05,1.1
71391,Namibia,PMO - US,Direct Drop,EXW,Air,16-Jul-12,16-Jul-12,HRDT,HIV test,"Trinity Biotech, Plc",SKU0009,"HIV 1/2, Uni-Gold HIV Kit, 20 Tests",Uni-Gold,20,416,13312,32,1.6,"Trinity Biotech, Plc",249,1640.99,18.66
71402,Haiti,PMO - US,Direct Drop,EXW,Air,20-Jan-15,20-Jan-15,ARV,Pediatric,CIPLA LIMITED,SKU0140,"Lamivudine/Nevirapine/Zidovudine 30/50/60mg, dispersible tablets, 60 Tabs",Generic,60,7867,28321.2,3.6,0.06,"Cipla, Goa, India",811,5915.63,29.11
71411,Zimbabwe,PMO - US,Direct Drop,EXW,Air,15-Mar-13,15-Mar-13,HRDT,HIV test,Premier Medical Corporation Ltd.,SKU0013,"HIV 1/2/O, First Response HIV 1-2.0, v.3.0 Cards Kit, 30 Tests",First Response,30,8000,180000,22.5,0.75,Premier Med. Corp Ltd. India,2460,13380.07,222.66
71439,South Africa,PMO - US,Direct Drop,DDP,Ocean,15-Dec-10,15-Dec-10,ARV,Adult,STRIDES ARCOLAB LIMITED,SKU0003,"Lamivudine 150mg, tablets, 60 Tabs",Generic,60,164908,407322.76,2.47,0.04,"Strides, Bangalore, India.",8048,12225.76,878.19
71462,South Africa,South Africa Field Office,Direct Drop,DDP,Truck,16-Apr-13,16-Apr-13,ARV,Adult,S. BUYS WHOLESALER,SKU0008,"Lopinavir/Ritonavir 200/50mg [Aluvia], tablets, 120 Tabs",Aluvia,120,1473,36814.05,24.99,0.21,ABBVIE Ludwigshafen Germany,Weight Captured Separately,Freight Included in Commodity Cost,45.54
71469,Rwanda,PMO - US,Direct Drop,CIP,Air,28-Jun-12,28-Jun-12,ARV,Pediatric,CIPLA LIMITED,SKU0169,"Lamivudine/Stavudine 60/12mg, dispersible tablets, 60 Tabs",Generic,60,672,2466.24,3.67,0.06,"Cipla, Goa, India",50,3011.72,3.46
71477,Vietnam,PMO - US,Direct Drop,EXW,Air,17-Dec-14,17-Dec-14,ARV,Adult,HETERO LABS LIMITED,SKU0113,"Efavirenz/Lamivudine/Tenofovir Disoproxil Fumarate 600/300/300mg, tablets, 30 Tabs",Generic,30,15840,166320,10.5,0.35,Hetero Unit III Hyderabad IN,2517,3789.5,170.98
71487,Nigeria,PMO - US,Direct Drop,EXW,Air,19-Dec-11,9-Dec-11,HRDT,HIV test,"Orgenics, Ltd",SKU0002,"HIV 1/2, Determine Complete HIV Kit, 100 Tests",Determine,100,2419,215291,89,0.89,"Alere Medical Co., Ltd.",933,27136.6,355.23
71516,South Africa,PMO - US,Direct Drop,DDP,Truck,26-Jan-15,26-Jan-15,ARV,Adult,PHARMACY DIRECT,SKU0011,"Lamivudine/Zidovudine 150/300mg, tablets, 60 Tabs",Generic,60,19,428.24,22.54,0.38,"Aurobindo Unit III, India",Weight Captured Separately,Freight Included in Commodity Cost,0.44
71518,Vietnam,PMO - US,Direct Drop,EXW,Air,2-Oct-12,2-Oct-12,ARV,Pediatric,MYLAN LABORATORIES LTD (FORMERLY MATRIX LABORATORIES),SKU0140,"Lamivudine/Nevirapine/Zidovudine 30/50/60mg, dispersible tablets, 60 Tabs",Generic,60,8698,36096.7,4.15,0.07,Mylan (formerly Matrix) Nashik,See ASN-16124 (ID#:20321),See ASN-16124 (ID#:20321),50.61
71532,"Congo, DRC",PMO - US,Direct Drop,EXW,Air,29-Aug-14,29-Aug-14,ARV,Pediatric,Aurobindo Pharma Limited,SKU0120,"Nevirapine 50mg, dispersible tablets (tablets for oral suspension), 30 Tabs",Generic,30,240,312,1.3,0.04,"Aurobindo Unit III, India",30,1678.57,0.32
71536,Vietnam,PMO - US,Direct Drop,EXW,Air,17-Dec-14,17-Dec-14,ARV,Adult,HETERO LABS LIMITED,SKU0113,"Efavirenz/Lamivudine/Tenofovir Disoproxil Fumarate 600/300/300mg, tablets, 30 Tabs",Generic,30,20856,218988,10.5,0.35,Hetero Unit III Hyderabad IN,2959,4427.52,225.12
71554,Ghana,PMO - US,Direct Drop,EXW,Ocean,4-Nov-14,4-Nov-14,ARV,Pediatric,Aurobindo Pharma Limited,SKU0048,"Lamivudine 10mg/ml, oral solution, Bottle, 240 ml",Generic,240,13863,19824.09,1.43,0.01,"Aurobindo Unit III, India",5467,11447.38,20.38
71574,South Sudan,PMO - US,Direct Drop,EXW,Air,20-Jul-13,20-Jul-13,HRDT,HIV test - Ancillary,"Orgenics, Ltd",SKU0084,"Capillary Tubes, for Determine, EDTA, 50uL,100 Pcs",Determine,100,115,920,8,0.08,"Alere Medical Co., Ltd.",See ASN-19142 (ID#:22600),See ASN-19142 (ID#:22600),1.14
71594,"Congo, DRC",PMO - US,Direct Drop,EXW,Air,5-Sep-14,5-Sep-14,HRDT,HIV test,"Trinity Biotech, Plc",SKU0009,"HIV 1/2, Uni-Gold HIV Kit, 20 Tests",Uni-Gold,20,27,864,32,1.6,"Trinity Biotech, Plc",See ASN-26738 (ID#:15115),See ASN-26738 (ID#:15115),0.89
71606,South Africa,PMO - US,Direct Drop,DDP,Truck,12-May-15,12-May-15,ARV,Pediatric,PHARMACY DIRECT,SKU0066,"Efavirenz 200mg, capsule, 90 Caps",Generic,90,3,51.13,17.04,0.19,"Aurobindo Unit III, India",Weight Captured Separately,Freight Included in Commodity Cost,0.05
71649,South Africa,South Africa Field Office,Direct Drop,DDP,Truck,16-Apr-13,16-Apr-13,ARV,Adult,S. BUYS WHOLESALER,SKU0134,"Didanosine 400mg, delayed-release capsules, 30 Caps",Generic,30,14,278.66,19.9,0.66,"Aurobindo Unit III, India",Weight Captured Separately,Freight Included in Commodity Cost,0.34
71655,Dominican Republic,PMO - US,Direct Drop,EXW,Air,26-Feb-13,26-Feb-13,HRDT,HIV test,"Trinity Biotech, Plc",SKU0009,"HIV 1/2, Uni-Gold HIV Kit, 20 Tests",Uni-Gold,20,413,13216,32,1.6,"Trinity Biotech, Plc",134,1083.85,16.35
71672,Nigeria,PMO - US,Direct Drop,EXW,Air,16-Nov-09,16-Nov-09,HRDT,HIV test,"Orgenics, Ltd",SKU0002,"HIV 1/2, Determine Complete HIV Kit, 100 Tests",Determine,100,5100,408000,80,0.8,Inverness Japan,2440,43692.46,799.68
71712,Haiti,PMO - US,Direct Drop,EXW,Air,5-May-15,22-Apr-15,HRDT,HIV test,"Orgenics, Ltd",SKU0002,"HIV 1/2, Determine Complete HIV Kit, 100 Tests",Determine,100,5698,569800,100,1,"Alere Medical Co., Ltd.",2314,22194.09,670.65
71753,South Africa,PMO - US,Direct Drop,DDP,Truck,28-Aug-14,28-Aug-14,ARV,Adult,PHARMACY DIRECT,SKU0134,"Didanosine 400mg, delayed-release capsules, 30 Caps",Generic,30,7,137.73,19.68,0.66,"Aurobindo Unit III, India",Weight Captured Separately,Freight Included in Commodity Cost,0.14
71767,Vietnam,PMO - US,Direct Drop,EXW,Air,29-Mar-10,29-Mar-10,ARV,Adult,MYLAN LABORATORIES LTD (FORMERLY MATRIX LABORATORIES),SKU0029,"Tenofovir Disoproxil Fumarate 300mg, tablets, 30 Tabs",Generic,30,3192,23940,7.5,0.25,Mylan (formerly Matrix) Nashik,See ASN-6355 (ID#:16828),See ASN-6355 (ID#:16828),51.61
71773,Uganda,PMO - US,Direct Drop,EXW,Air,29-Apr-13,29-Apr-13,HRDT,HIV test - Ancillary,"Orgenics, Ltd",SKU0084,"Capillary Tubes, for Determine, EDTA, 50uL,100 Pcs",Determine,100,100,800,8,0.08,"Alere Medical Co., Ltd.",74,1649.91,0.99
71784,Vietnam,PMO - US,Direct Drop,EXW,Air,22-Sep-14,22-Sep-14,ARV,Adult,HETERO LABS LIMITED,SKU0058,"Abacavir 300mg, tablets, 60 Tabs",Generic,60,500,5725,11.45,0.19,Hetero Unit III Hyderabad IN,See ASN-27812 (ID#:25926),See ASN-27812 (ID#:25926),5.89
71809,South Africa,PMO - US,Direct Drop,DDP,Truck,29-Aug-14,29-Aug-14,ARV,Adult,S. BUYS WHOLESALER,SKU0003,"Lamivudine 150mg, tablets, 60 Tabs",Generic,60,592,5776.17,9.76,0.16,Hetero Unit III Hyderabad IN,Weight Captured Separately,Freight Included in Commodity Cost,7.15
71840,Côte d'Ivoire,PMO - US,Direct Drop,EXW,Air,23-Jan-15,23-Jan-15,HRDT,HIV test,"CHEMBIO DIAGNOSTIC SYSTEMS, INC.",SKU0016,"HIV 1/2, Stat-Pak HIV, Kit, 20 Tests",Stat-Pak,20,2120,65720,31,1.55,Chembio Diagnostics Sys. Inc.,610,8291.96,67.56
71878,Haiti,PMO - US,Direct Drop,FCA,Air,8-Aug-11,8-Aug-11,ARV,Pediatric,ABBVIE LOGISTICS (FORMERLY ABBOTT LOGISTICS BV),SKU0042,"Lopinavir/Ritonavir 80/20mg/ml [Kaletra], oral solution, cool, Bottle 5 x 60 ml",Kaletra,300,90,3033,33.7,0.11,ABBVIE (Abbott) Logis. UK,126,1767.91,5
71909,Côte d'Ivoire,PMO - US,Direct Drop,EXW,Air,19-Apr-13,19-Apr-13,HRDT,HIV test,BIO-RAD LABORATORIES (FRANCE),SKU0156,"HIV 1/2, Genie III Kit, 50 Tests",Genie,50,300,27300,91,1.82,Bio-Rad Laboratories,160,2595.63,38.27
71917,Rwanda,PMO - US,Direct Drop,EXW,Air,27-Mar-14,27-Mar-14,HRDT,HIV test,"SHANGHAI KEHUA BIOENGINEERING CO.,LTD.  (KHB)",SKU0063,"HIV 1/2, SKB Colloidal Gold, Diagnostic Kit, Antibody, 50 Tests",Colloidal Gold,1,2988,73206,24.5,24.5,"KHB Test Kit Facility, Shanghai China",1992,26266.34,90.56
71920,Vietnam,PMO - US,Direct Drop,EXW,Air,15-May-13,15-May-13,ARV,Pediatric,STRIDES ARCOLAB LIMITED,SKU0140,"Lamivudine/Nevirapine/Zidovudine 30/50/60mg, dispersible tablets, 60 Tabs",Generic,60,1119,4476,4,0.07,"Strides, Bangalore, India.",See ASN-18970 (ID#:33422),See ASN-18970 (ID#:33422),5.54
71936,Vietnam,PMO - US,Direct Drop,EXW,Air,22-Aug-12,22-Aug-12,ARV,Pediatric,Aurobindo Pharma Limited,SKU0117,"Zidovudine 10mg/ml, oral solution w/syringe, Bottle, 240 ml",Generic,240,350,735,2.1,0.01,"Aurobindo Unit III, India",See ASN-15795 (ID#:16725),See ASN-15795 (ID#:16725),1.03
71956,Haiti,PMO - US,Direct Drop,EXW,Ocean,9-Apr-15,9-Apr-15,ARV,Adult,HETERO LABS LIMITED,SKU0054,"Lamivudine/Nevirapine/Zidovudine 150/200/300mg, tablets, 60 Tabs",Generic,60,36000,298440,8.29,0.14,Hetero Unit III Hyderabad IN,See ASN-30463 (ID#:15460),See ASN-30463 (ID#:15460),306.8
71965,Zimbabwe,PMO - US,Direct Drop,EXW,Air,19-Oct-11,18-Oct-11,HRDT,HIV test,"Orgenics, Ltd",SKU0002,"HIV 1/2, Determine Complete HIV Kit, 100 Tests",Determine,100,1145,91600,80,0.8,Inverness Japan,647,13312.88,151.14
71971,Vietnam,PMO - US,Direct Drop,EXW,Air,13-Oct-10,13-Oct-10,ARV,Adult,STRIDES ARCOLAB LIMITED,SKU0007,"Nevirapine 200mg, tablets, 60 Tabs",Generic,60,3753,9532.62,2.54,0.04,"Strides, Bangalore, India.",216,4146.33,20.55
72047,South Africa,PMO - US,Direct Drop,DDP,Truck,27-Aug-14,27-Aug-14,ARV,Adult,S. BUYS WHOLESALER,SKU0026,"Efavirenz 600mg, tablets, 30 Tabs",Generic,30,1,16.73,16.73,0.56,Hetero Unit III Hyderabad IN,Weight Captured Separately,Freight Included in Commodity Cost,0.02
72049,Uganda,PMO - US,Direct Drop,EXW,Air,12-Jul-12,12-Jul-12,ARV,Adult,Aurobindo Pharma Limited,SKU0007,"Nevirapine 200mg, tablets, 60 Tabs",Generic,60,22500,52875,2.35,0.04,"Aurobindo Unit III, India",2145,8143.97,74.13
72066,South Africa,PMO - US,Direct Drop,DDP,Truck,29-Aug-14,29-Aug-14,ARV,Adult,S. BUYS WHOLESALER,SKU0008,"Lopinavir/Ritonavir 200/50mg [Aluvia], tablets, 120 Tabs",Aluvia,120,70,1803.18,25.76,0.21,ABBVIE Ludwigshafen Germany,Weight Captured Separately,Freight Included in Commodity Cost,2.23
72085,Rwanda,PMO - US,Direct Drop,EXW,Ocean,2-Aug-12,2-Aug-12,ARV,Adult,HETERO LABS LIMITED,SKU0026,"Efavirenz 600mg, tablets, 30 Tabs",Generic,30,20370,72720.9,3.57,0.12,Hetero Unit III Hyderabad IN,1619,9054.61,101.95
72088,South Africa,PMO - US,Direct Drop,DDP,Truck,7-Feb-14,7-Feb-14,ARV,Adult,S. BUYS WHOLESALER,SKU0014,"Zidovudine 300mg, tablets, 60 Tabs",Generic,60,12,325.33,27.11,0.45,Mylan (formerly Matrix) Nashik,Weight Captured Separately,Freight Included in Commodity Cost,0.4
72142,Rwanda,PMO - US,Direct Drop,FCA,Air,29-Jun-12,29-Jun-12,ARV,Pediatric,ABBVIE LOGISTICS (FORMERLY ABBOTT LOGISTICS BV),SKU0045,"Lopinavir/Ritonavir 100/25mg [Aluvia], tablets, 60 Tabs",Generic,60,1575,12143.25,7.71,0.13,ABBVIE Ludwigshafen Germany,186,2874.03,20.04
72150,South Africa,PMO - US,Direct Drop,DDP,Truck,6-Feb-14,6-Feb-14,ARV,Adult,S. BUYS WHOLESALER,SKU0007,"Nevirapine 200mg, tablets, 60 Tabs",Generic,60,872,14909,17.1,0.29,"Cipla, Goa, India",Weight Captured Separately,Freight Included in Commodity Cost,18.44
72158,Tanzania,PMO - US,Direct Drop,FCA,Air,11-Jun-10,11-Jun-10,ARV,Adult,ABBVIE LOGISTICS (FORMERLY ABBOTT LOGISTICS BV),SKU0008,"Lopinavir/Ritonavir 200/50mg [Aluvia], tablets, 120 Tabs",Aluvia,120,7145,258363.2,36.16,0.3,ABBVIE Ludwigshafen Germany,1604,9915.56,557.03
72193,South Africa,PMO - US,Direct Drop,DDP,Ocean,1-Feb-11,1-Feb-11,ARV,Adult,Aurobindo Pharma Limited,SKU0026,"Efavirenz 600mg, tablets, 30 Tabs",Generic,30,64260,289812.6,4.51,0.15,"Aurobindo Unit III, India",5623,630.5,624.84
72239,South Sudan,PMO - US,Direct Drop,EXW,Air,2-Jul-15,7-Jul-15,HRDT,HIV test - Ancillary,"Orgenics, Ltd",SKU0084,"Capillary Tubes, for Determine, EDTA, 50uL,100 Pcs",Determine,100,15,120,8,0.08,"Alere Medical Co., Ltd.",See ASN-32108 (ID#:53922),See ASN-32108 (ID#:53922),0.14
72240,Nigeria,PMO - US,Direct Drop,EXW,Air,7-Aug-15,7-Aug-15,ARV,Adult,EMCURE PHARMACEUTICALS LTD,SKU0119,"Atazanavir/Ritonavir 300/100mg, tablets, 30 Tabs",Generic,30,6878,123804,18,0.6,"Emcure Plot No.P-2, I.T-B.T. Park, Phase II, MIDC, Hinjwadi, Pune, India",Weight Captured Separately,Invoiced Separately,145.72
72241,Rwanda,PMO - US,Direct Drop,EXW,Air,28-Apr-14,28-Apr-14,HRDT,HIV test,"SHANGHAI KEHUA BIOENGINEERING CO.,LTD.  (KHB)",SKU0063,"HIV 1/2, SKB Colloidal Gold, Diagnostic Kit, Antibody, 50 Tests",Colloidal Gold,1,5994,146853,24.5,24.5,"KHB Test Kit Facility, Shanghai China",3996,53062.21,150.96
72256,Haiti,PMO - US,Direct Drop,EXW,Ocean,3-Jul-15,3-Jul-15,ARV,Pediatric,MYLAN LABORATORIES LTD (FORMERLY MATRIX LABORATORIES),SKU0140,"Lamivudine/Nevirapine/Zidovudine 30/50/60mg, dispersible tablets, 60 Tabs",Generic,60,6500,22750,3.5,0.06,Mylan (formerly Matrix) Nashik,Weight Captured Separately,Invoiced Separately,23.39
72263,South Africa,PMO - US,Direct Drop,DDP,Air,24-Aug-10,24-Aug-10,ARV,Adult,Aurobindo Pharma Limited,SKU0026,"Efavirenz 600mg, tablets, 30 Tabs",Generic,30,56970,266049.9,4.67,0.16,"Aurobindo Unit III, India",4822,5886.9,573.6
72281,Namibia,PMO - US,Direct Drop,EXW,Air,25-Aug-09,25-Aug-09,HRDT,HIV test,"Orgenics, Ltd",SKU0017,"HIV 1/2, Determine HIV Kit, without Lancets, 100 Tests",Determine,100,150,10500,70,0.7,Inverness Japan,37,2541.8,20.58
72291,Rwanda,PMO - US,Direct Drop,CIP,Air,13-Jun-10,13-Jun-10,ARV,Adult,HETERO LABS LIMITED,SKU0003,"Lamivudine 150mg, tablets, 60 Tabs",Generic,60,15750,40792.5,2.59,0.04,Hetero Unit III Hyderabad IN,986,4015.82,79.95
72293,Zambia,PMO - US,Direct Drop,EXW,Air,1-Oct-14,1-Oct-14,ARV,Adult,HETERO LABS LIMITED,SKU0007,"Nevirapine 200mg, tablets, 60 Tabs",Generic,60,100000,218000,2.18,0.04,Hetero Unit III Hyderabad IN,6304,34182.97,224.1
72300,Haiti,PMO - US,Direct Drop,FCA,Air,27-Mar-12,27-Mar-12,ARV,Pediatric,ABBVIE LOGISTICS (FORMERLY ABBOTT LOGISTICS BV),SKU0045,"Lopinavir/Ritonavir 100/25mg [Aluvia], tablets, 60 Tabs",Generic,60,360,2775.6,7.71,0.13,ABBVIE Ludwigshafen Germany,46,984.39,3.89
72336,Kenya,PMO - US,Direct Drop,EXW,Air,29-Jul-10,30-Jul-10,HRDT,HIV test,"Orgenics, Ltd",SKU0002,"HIV 1/2, Determine Complete HIV Kit, 100 Tests",Determine,100,4555,364400,80,0.8,Inverness Japan,974,9456.46,785.65
72377,Zambia,PMO - US,Direct Drop,EXW,Air,26-Mar-15,26-Mar-15,HRDT,HIV test,"Trinity Biotech, Plc",SKU0009,"HIV 1/2, Uni-Gold HIV Kit, 20 Tests",Uni-Gold,20,3000,96000,32,1.6,"Trinity Biotech, Plc",909,10203.1,98.69
72420,South Africa,PMO - US,Direct Drop,DDP,Ocean,13-Jun-11,13-Jun-11,ARV,Adult,Aurobindo Pharma Limited,SKU0029,"Tenofovir Disoproxil Fumarate 300mg, tablets, 30 Tabs",Generic,30,21896,145608.4,6.65,0.22,"Aurobindo Unit III, India",2044,5768.66,240.25
72424,South Africa,PMO - US,Direct Drop,DDP,Ocean,1-Feb-11,1-Feb-11,ARV,Pediatric,Aurobindo Pharma Limited,SKU0049,"Efavirenz 50mg, capsule, 30 Caps",Generic,30,92000,216200,2.35,0.08,"Aurobindo Unit III, India",5184,9592.95,466.13
72425,South Africa,PMO - US,Direct Drop,DDP,Truck,28-Apr-15,28-Apr-15,ARV,Adult,PHARMACY DIRECT,SKU0105,"Emtricitabine/Tenofovir Disoproxil Fumarate 200/300mg, tablets, 30 Tabs",Generic,30,2,60.42,30.21,1.01,"Aurobindo Unit III, India",Weight Captured Separately,Freight Included in Commodity Cost,0.06
73301,Uganda,PMO - US,Direct Drop,FCA,Air,21-Dec-10,21-Dec-10,ARV,Adult,Hoffmann-La Roche ltd Basel,SKU0141,"Saquinavir 500mg [Invirase], tablets, 120 Tabs",Invirase,120,98,10150.19,103.57,0.86,Roche Madrid,18,968.25,16.75
72426,"Congo, DRC",PMO - US,Direct Drop,EXW,Air,30-Sep-13,30-Sep-13,ANTM,Malaria,IMRES B.V.,SKU0088,"Sulfadoxine/Pyrimethamine 500/25mg, tablets, 1000 Tabs",Generic,1000,720,16164,22.45,0.02,"Guilin OSD site, No 17, China",578,3089.83,19.99
72445,Côte d'Ivoire,PMO - US,Direct Drop,EXW,Air,24-Jun-13,24-Jun-13,HRDT,HIV test,BIO-RAD LABORATORIES (FRANCE),SKU0156,"HIV 1/2, Genie III Kit, 50 Tests",Genie,50,300,27300,91,1.82,Bio-Rad Laboratories,728,6879.32,38.27
72454,Kenya,PMO - US,Direct Drop,CIP,Air,10-Dec-12,10-Dec-12,HRDT,HIV test,"Orgenics, Ltd",SKU0002,"HIV 1/2, Determine Complete HIV Kit, 100 Tests",Determine,100,5995,533555,89,0.89,"Alere Medical Co., Ltd.",Weight Captured Separately,Freight Included in Commodity Cost,748.04
72467,Burkina Faso,PMO - US,Direct Drop,FCA,Air,4-Aug-15,4-Aug-15,ARV,Adult,ABBVIE LOGISTICS (FORMERLY ABBOTT LOGISTICS BV),SKU0110,"Ritonavir 100mg [Norvir], film coated tablets, 60 Tabs",Norvir,60,25,171.25,6.85,0.11,ABBVIE Ludwigshafen Germany,Weight Captured Separately,Invoiced Separately,0.2
72485,Kenya,PMO - US,Direct Drop,EXW,Air,7-Jul-10,7-Jul-10,HRDT,HIV test,"Orgenics, Ltd",SKU0002,"HIV 1/2, Determine Complete HIV Kit, 100 Tests",Determine,100,5361,428880,80,0.8,Inverness Japan,1098,10929.38,924.67
72492,Nigeria,PMO - US,Direct Drop,EXW,Air,12-Jun-13,12-Jun-13,HRDT,HIV test,"CHEMBIO DIAGNOSTIC SYSTEMS, INC.",SKU0016,"HIV 1/2, Stat-Pak HIV, Kit, 20 Tests",Stat-Pak,20,4848,140592,29,1.45,Chembio Diagnostics Sys. Inc.,1784,8248.33,197.11
72535,Haiti,PMO - US,Direct Drop,EXW,Air,21-Jul-15,21-Jul-15,ARV,Adult,EMCURE PHARMACEUTICALS LTD,SKU0119,"Atazanavir/Ritonavir 300/100mg, tablets, 30 Tabs",Generic,30,8000,144000,18,0.6,"Emcure Plot No.P-2, I.T-B.T. Park, Phase II, MIDC, Hinjwadi, Pune, India",1023,6433.8,148.03
72538,Uganda,PMO - US,Direct Drop,EXW,Air,30-Jul-14,30-Jul-14,HRDT,HIV test,"Orgenics, Ltd",SKU0002,"HIV 1/2, Determine Complete HIV Kit, 100 Tests",Determine,100,6000,480000,80,0.8,"Alere Medical Co., Ltd.",2432,23482.06,493.44
72546,Vietnam,PMO - US,Direct Drop,FCA,Air,6-Jan-14,6-Jan-14,ARV,Adult,ABBVIE LOGISTICS (FORMERLY ABBOTT LOGISTICS BV),SKU0008,"Lopinavir/Ritonavir 200/50mg [Aluvia], tablets, 120 Tabs",Aluvia,120,4033,245287.06,60.82,0.51,ABBVIE Ludwigshafen Germany,Weight Captured Separately,Invoiced Separately,303.42
72557,Uganda,PMO - US,Direct Drop,EXW,Air,11-Jul-13,15-Jul-13,HRDT,HIV test,"Orgenics, Ltd",SKU0002,"HIV 1/2, Determine Complete HIV Kit, 100 Tests",Determine,100,3032,242560,80,0.8,"Alere Medical Co., Ltd.",1317,47892.57,300.05
72572,Botswana,PMO - US,Direct Drop,EXW,Air,14-Mar-11,14-Mar-11,HRDT,HIV test,"SHANGHAI KEHUA BIOENGINEERING CO.,LTD.  (KHB)",SKU0063,"HIV 1/2, SKB Colloidal Gold, Diagnostic Kit, Antibody, 50 Tests",Colloidal Gold,1,20,460,23,23,"KHB Test Kit Facility, Shanghai China",16,486.18,0.76
72586,Mozambique,PMO - US,Direct Drop,EXW,Ocean,20-Aug-12,20-Aug-12,HRDT,HIV test,"Orgenics, Ltd",SKU0002,"HIV 1/2, Determine Complete HIV Kit, 100 Tests",Determine,100,7882,630560,80,0.8,"Alere Medical Co., Ltd.",3757,15105.99,1040.42
72597,South Africa,PMO - US,Direct Drop,DDP,Truck,26-Jan-15,26-Jan-15,ARV,Adult,PHARMACY DIRECT,SKU0007,"Nevirapine 200mg, tablets, 60 Tabs",Generic,60,22,282.13,12.82,0.21,"Aurobindo Unit III, India",Weight Captured Separately,Freight Included in Commodity Cost,0.29
72625,Haiti,PMO - US,Direct Drop,CIP,Air,27-Jan-10,27-Jan-10,ARV,Pediatric,MERCK SHARP & DOHME IDEA GMBH (FORMALLY MERCK SHARP & DOHME B.V.),SKU0102,"Efavirenz 30mg/ml [Stocrin/Sustiva], oral solution, Bottle, 180 ml",Stocrin/Sustiva,180,167,2832.32,16.96,0.09,"MSD, Haarlem, NL",47,290,5.55
72639,Côte d'Ivoire,PMO - US,Direct Drop,EXW,Air,27-Aug-10,27-Aug-10,HRDT,HIV test,"CHEMBIO DIAGNOSTIC SYSTEMS, INC.",SKU0016,"HIV 1/2, Stat-Pak HIV, Kit, 20 Tests",Stat-Pak,20,2068,55836,27,1.35,Chembio Diagnostics Sys. Inc.,685,5557.27,120.38
72695,Rwanda,PMO - US,Direct Drop,CIP,Air,25-Apr-11,25-Apr-11,ARV,Adult,Aurobindo Pharma Limited,SKU0069,"Didanosine 250mg, delayed-release capsules, 30 Caps",Generic,30,570,7552.5,13.25,0.44,"Aurobindo Unit III, India",See ASN-10663 (ID#:32313),See ASN-10663 (ID#:32313),16.28
72698,Vietnam,PMO - US,Direct Drop,EXW,Air,16-Dec-13,16-Dec-13,ARV,Adult,Aurobindo Pharma Limited,SKU0058,"Abacavir 300mg, tablets, 60 Tabs",Generic,60,591,6737.4,11.4,0.19,"Aurobindo Unit III, India",36,430.5,8.33
72719,Côte d'Ivoire,PMO - US,Direct Drop,EXW,Air,9-Jan-13,9-Jan-13,HRDT,HIV test,BIO-RAD LABORATORIES (FRANCE),SKU0156,"HIV 1/2, Genie III Kit, 50 Tests",Genie,50,500,45500,91,1.82,Bio-Rad Laboratories,284,32609.44,63.79
74707,Ghana,PMO - US,Direct Drop,EXW,Air,9-Oct-14,9-Oct-14,ARV,Pediatric,Aurobindo Pharma Limited,SKU0005,"Zidovudine 10mg/ml, oral solution, Bottle, 240 ml",Generic,240,3652,7304,2,0.01,"Aurobindo Unit III, India",1575,8130.55,7.51
72767,Haiti,PMO - US,Direct Drop,FCA,Air,10-Dec-14,10-Dec-14,ARV,Adult,JANSSEN SCIENCES IRELAND UC (FORMERLY JANSSEN R&D IRELAND),SKU0121,"Darunavir 600mg [Prezista], tablets, 60 Tabs",Prezista,60,111,5994,54,0.9,"Janssen-Cilag, Latina, IT",42,926.3,6.16
72770,"Congo, DRC",PMO - US,Direct Drop,EXW,Air,31-Dec-14,31-Dec-14,HRDT,HIV test - Ancillary,"Orgenics, Ltd",SKU0136,"Chase Buffer, Determine, 100 Tests, 2.5ml x 1 Vial",Determine,1,2683,13415,5,5,"Alere Medical Co., Ltd.",See ASN-28379 (ID#:32865),See ASN-28379 (ID#:32865),13.79
72776,Guyana,PMO - US,Direct Drop,EXW,Air,28-Mar-11,28-Mar-11,HRDT,HIV test,"Trinity Biotech, Plc",SKU0009,"HIV 1/2, Uni-Gold HIV Kit, 20 Tests",Uni-Gold,20,1975,63200,32,1.6,"Trinity Biotech, Plc",659,9106.51,104.28
72821,South Sudan,PMO - US,Direct Drop,EXW,Air,2-Jul-15,2-Jul-15,HRDT,HIV test - Ancillary,"Orgenics, Ltd",SKU0084,"Capillary Tubes, for Determine, EDTA, 50uL,100 Pcs",Determine,100,45,360,8,0.08,"Alere Medical Co., Ltd.",See ASN-31958 (ID#:15788),See ASN-31958 (ID#:15788),0.42
72832,Cameroon,PMO - US,Direct Drop,EXW,Air,7-Nov-13,30-Oct-13,ARV,Adult,Aurobindo Pharma Limited,SKU0107,"Lamivudine/Tenofovir Disoproxil Fumarate 300/300mg, tablets, 30 Tabs",Generic,30,20993,97617.45,4.65,0.16,"Aurobindo Unit VII, IN",2100,17568.6,120.75
72836,Ghana,PMO - US,Direct Drop,EXW,Air,10-Nov-14,10-Nov-14,ARV,Adult,Aurobindo Pharma Limited,SKU0054,"Lamivudine/Nevirapine/Zidovudine 150/200/300mg, tablets, 60 Tabs",Generic,60,29107,238677.4,8.2,0.14,"Aurobindo Unit III, India",3647,18545.17,245.36
72885,Mozambique,PMO - US,Direct Drop,EXW,Air,2-Jun-14,2-Jun-14,HRDT,HIV test,"Trinity Biotech, Plc",SKU0009,"HIV 1/2, Uni-Gold HIV Kit, 20 Tests",Uni-Gold,20,3962,126784,32,1.6,"Trinity Biotech, Plc",1153,7754.14,130.33
72892,South Africa,PMO - US,Direct Drop,DDP,Ocean,3-May-11,3-Jun-11,ARV,Pediatric,Aurobindo Pharma Limited,SKU0066,"Efavirenz 200mg, capsule, 90 Caps",Generic,90,17357,173222.86,9.98,0.11,"Aurobindo Unit III, India",2301,4573.2,373.47
72914,Namibia,PMO - US,Direct Drop,EXW,Air,22-Oct-14,22-Oct-14,ARV,Adult,HETERO LABS LIMITED,SKU0107,"Lamivudine/Tenofovir Disoproxil Fumarate 300/300mg, tablets, 30 Tabs",Generic,30,23322,107747.64,4.62,0.15,Hetero Unit III Hyderabad IN,2637,13397.02,110.76
72918,South Africa,PMO - US,Direct Drop,DDP,Truck,3-Oct-14,3-Oct-14,ARV,Adult,PHARMACY DIRECT,SKU0011,"Lamivudine/Zidovudine 150/300mg, tablets, 60 Tabs",Generic,60,9,280.73,31.19,0.52,"Aurobindo Unit III, India",Weight Captured Separately,Freight Included in Commodity Cost,0.29
72922,Tanzania,PMO - US,Direct Drop,EXW,Air,20-Sep-13,20-Sep-13,HRDT,HIV test,"Standard Diagnostics, Inc.",SKU0002,"HIV 1/2, Determine Complete HIV Kit, 100 Tests",Determine,100,3781,0,0,0,"Alere Medical Co., Ltd.",1642,25778.9,0
72933,Ghana,PMO - US,Direct Drop,EXW,Air,10-Apr-15,10-Apr-15,ARV,Pediatric,MYLAN LABORATORIES LTD (FORMERLY MATRIX LABORATORIES),SKU0124,"Lamivudine/Zidovudine 30/60mg, dispersible tablets, 60 Tabs",Generic,60,11538,22960.62,1.99,0.03,"Mylan,  H-12 & H-13, India",See ASN-30499 (ID#:52793),See ASN-30499 (ID#:52793),23.6
72948,South Africa,PMO - US,Direct Drop,DDP,Truck,24-Jul-15,24-Jul-15,ARV,Adult,PHARMACY DIRECT,SKU0029,"Tenofovir Disoproxil Fumarate 300mg, tablets, 30 Tabs",Generic,30,32,475.28,14.85,0.5,Mylan (formerly Matrix) Nashik,Weight Captured Separately,Freight Included in Commodity Cost,0.49
72976,Tanzania,PMO - US,Direct Drop,EXW,Air,7-Mar-12,7-Mar-12,HRDT,HIV test,"Orgenics, Ltd",SKU0002,"HIV 1/2, Determine Complete HIV Kit, 100 Tests",Determine,100,2884,230720,80,0.8,"Alere Medical Co., Ltd.",1374,24000.91,323.47
72981,South Africa,PMO - US,Direct Drop,DDP,Ocean,1-Dec-11,19-Dec-11,ARV,Adult,EMCURE PHARMACEUTICALS LTD,SKU0026,"Efavirenz 600mg, tablets, 30 Tabs",Generic,30,47963,206240.9,4.3,0.14,"Emcure Plot No.P-2, I.T-B.T. Park, Phase II, MIDC, Hinjwadi, Pune, India",3789,9582.55,340.3
72988,"Congo, DRC",PMO - US,Direct Drop,EXW,Air,4-Apr-14,4-Apr-14,HRDT,HIV test,"Trinity Biotech, Plc",SKU0009,"HIV 1/2, Uni-Gold HIV Kit, 20 Tests",Uni-Gold,20,34,1088,32,1.6,"Trinity Biotech, Plc",See ASN-24721 (ID#:13708),See ASN-24721 (ID#:13708),1.12
73003,Vietnam,PMO - US,Direct Drop,EXW,Air,17-Dec-14,17-Dec-14,ARV,Adult,HETERO LABS LIMITED,SKU0113,"Efavirenz/Lamivudine/Tenofovir Disoproxil Fumarate 600/300/300mg, tablets, 30 Tabs",Generic,30,19200,201600,10.5,0.35,Hetero Unit III Hyderabad IN,2719,4084.56,207.24
73018,South Africa,PMO - US,Direct Drop,DDP,Ocean,1-Feb-11,1-Feb-11,ARV,Adult,Aurobindo Pharma Limited,SKU0026,"Efavirenz 600mg, tablets, 30 Tabs",Generic,30,118537,534601.87,4.51,0.15,"Aurobindo Unit III, India",10373,630.5,1152.6
73056,Mozambique,PMO - US,Direct Drop,EXW,Air,1-Oct-14,1-Oct-14,HRDT,HIV test,BIO-RAD LABORATORIES (FRANCE),SKU0163,"HIV, Multispot HIV-1/HIV-2 Rapid Test Kit, 50 Tests",Multispot,50,80,99402.4,1242.53,24.85,Bio-Rad Laboratories,111,1368.78,102.19
73059,South Africa,PMO - US,Direct Drop,DDP,Truck,10-Dec-14,10-Dec-14,ARV,Pediatric,S. BUYS WHOLESALER,SKU0049,"Efavirenz 50mg, capsule, 30 Caps",Generic,30,172,457.9,2.66,0.09,"Aurobindo Unit III, India",Weight Captured Separately,Freight Included in Commodity Cost,0.54
73079,Tanzania,PMO - US,Direct Drop,EXW,Air,27-Sep-12,4-Oct-12,ARV,Adult,Aurobindo Pharma Limited,SKU0011,"Lamivudine/Zidovudine 150/300mg, tablets, 60 Tabs",Generic,60,39360,281424,7.15,0.12,"Aurobindo Unit III, India",3421,15241.75,394.56
73087,Vietnam,PMO - US,Direct Drop,EXW,Air,16-Feb-11,16-Feb-11,ARV,Adult,HETERO LABS LIMITED,SKU0011,"Lamivudine/Zidovudine 150/300mg, tablets, 60 Tabs",Generic,60,35000,292250,8.35,0.14,Hetero Unit III Hyderabad IN,See ASN-9408 (ID#:39263),See ASN-9408 (ID#:39263),630.09
73089,Guyana,PMO - US,Direct Drop,EXW,Air,21-Nov-12,21-Nov-12,HRDT,HIV test,"CHEMBIO DIAGNOSTIC SYSTEMS, INC.",SKU0016,"HIV 1/2, Stat-Pak HIV, Kit, 20 Tests",Stat-Pak,20,6,174,29,1.45,Chembio Diagnostics Sys. Inc.,2,297,0.24
73095,South Africa,PMO - US,Direct Drop,DDP,Truck,12-Feb-15,12-Feb-15,ARV,Adult,PHARMACY DIRECT,SKU0014,"Zidovudine 300mg, tablets, 60 Tabs",Generic,60,11,198.34,18.03,0.3,"Aurobindo Unit III, India",Weight Captured Separately,Freight Included in Commodity Cost,0.2
73115,Mozambique,PMO - US,Direct Drop,FCA,Air,8-Oct-13,8-Oct-13,ARV,Adult,ABBVIE LOGISTICS (FORMERLY ABBOTT LOGISTICS BV),SKU0110,"Ritonavir 100mg [Norvir], film coated tablets, 60 Tabs",Norvir,60,616,4219.6,6.85,0.11,ABBVIE Ludwigshafen Germany,87,1053.88,5.22
73122,Mozambique,PMO - US,Direct Drop,CIP,Air,9-Jun-15,9-Jun-15,ARV,Adult,MERCK SHARP & DOHME IDEA GMBH (FORMALLY MERCK SHARP & DOHME B.V.),SKU0129,"Raltegravir 400mg [Isentress], tablets, 60 Tabs",Isentress,60,100,5550,55.5,0.92,"MSD, Haarlem, NL",Weight Captured Separately,Freight Included in Commodity Cost,6.53
73145,Côte d'Ivoire,PMO - US,Direct Drop,EXW,Air,12-May-10,12-May-10,ARV,Adult,MYLAN LABORATORIES LTD (FORMERLY MATRIX LABORATORIES),SKU0125,"Abacavir/Lamivudine/Zidovudine 300/150/300mg, tablets, 60 Tabs",Generic,60,4448,133440,30,0.5,Mylan (formerly Matrix) Nashik,693,5066.44,287.7
73152,Haiti,PMO - US,Direct Drop,EXW,Air,11-May-15,11-May-15,ARV,Adult,Aurobindo Pharma Limited,SKU0011,"Lamivudine/Zidovudine 150/300mg, tablets, 60 Tabs",Generic,60,19987,135311.99,6.77,0.11,"Aurobindo Unit III, India",See ASN-31572 (ID#:24983),See ASN-31572 (ID#:24983),139.1
73176,South Africa,PMO - US,Direct Drop,DDP,Truck,6-Feb-14,6-Feb-14,ARV,Pediatric,S. BUYS WHOLESALER,SKU0145,"Abacavir 20mg/ml, oral solution w/syringe, Bottle, 240 ml",Generic,240,258,5919.28,22.94,0.1,"Aurobindo Unit III, India",Weight Captured Separately,Freight Included in Commodity Cost,7.32
73177,Vietnam,PMO - US,Direct Drop,EXW,Air,22-Jan-14,22-Jan-14,ARV,Adult,HETERO LABS LIMITED,SKU0026,"Efavirenz 600mg, tablets, 30 Tabs",Generic,30,983,3184.92,3.24,0.11,Hetero Unit III Hyderabad IN,93,668.75,3.94
73211,Uganda,PMO - US,Direct Drop,FCA,Air,23-Sep-13,23-Sep-13,ARV,Adult,ABBVIE LOGISTICS (FORMERLY ABBOTT LOGISTICS BV),SKU0110,"Ritonavir 100mg [Norvir], film coated tablets, 60 Tabs",Norvir,60,210,1438.5,6.85,0.11,ABBVIE Ludwigshafen Germany,32,852.02,1.78
73220,South Africa,PMO - US,Direct Drop,DDP,Ocean,27-Jan-12,27-Jan-12,ARV,Pediatric,CIPLA LIMITED,SKU0048,"Lamivudine 10mg/ml, oral solution, Bottle, 240 ml",Generic,240,50000,103000,2.06,0.01,"Cipla, Goa, India",Weight Captured Separately,Freight Included in Commodity Cost,169.95
73239,Vietnam,PMO - US,Direct Drop,EXW,Air,17-Mar-10,17-Mar-10,ARV,Adult,Aurobindo Pharma Limited,SKU0011,"Lamivudine/Zidovudine 150/300mg, tablets, 60 Tabs",Generic,60,19740,169961.4,8.61,0.14,"Aurobindo Unit III, India",See ASN-6264 (ID#:52856),See ASN-6264 (ID#:52856),333.12
73261,South Africa,PMO - US,Direct Drop,DDP,Truck,27-Aug-14,27-Aug-14,ARV,Pediatric,S. BUYS WHOLESALER,SKU0130,"Lamivudine 10mg/ml, oral solution w/syringe, Bottle, 240 ml",Generic,240,12,95.96,8,0.03,"Aurobindo Unit III, India",Weight Captured Separately,Freight Included in Commodity Cost,0.12
73275,South Africa,PMO - US,Direct Drop,DDP,Truck,10-Jul-14,10-Jul-14,ARV,Pediatric,S. BUYS WHOLESALER,SKU0042,"Lopinavir/Ritonavir 80/20mg/ml [Kaletra], oral solution, cool, Bottle 5 x 60 ml",Kaletra,300,3,70.35,23.45,0.08,ABBVIE (Abbott) Logis. UK,Weight Captured Separately,Freight Included in Commodity Cost,0.09
73287,South Africa,PMO - US,Direct Drop,DDP,Truck,19-Feb-15,19-Feb-15,ARV,Adult,PHARMACY DIRECT,SKU0139,"Darunavir 300mg [Prezista], tablets, 120 Tabs",Prezista,120,3,209.13,69.71,0.58,"Janssen-Cilag, Latina, IT",Weight Captured Separately,Freight Included in Commodity Cost,0.21
73314,Mozambique,PMO - US,Direct Drop,EXW,Air,2-May-12,2-May-12,HRDT,HIV test,"Orgenics, Ltd",SKU0002,"HIV 1/2, Determine Complete HIV Kit, 100 Tests",Determine,100,2891,231280,80,0.8,"Alere Medical Co., Ltd.",1378,25607.44,381.61
73326,South Africa,PMO - US,Direct Drop,DDP,Ocean,25-Nov-11,25-Nov-11,ARV,Pediatric,CIPLA LIMITED,SKU0048,"Lamivudine 10mg/ml, oral solution, Bottle, 240 ml",Generic,240,50000,103000,2.06,0.01,"Cipla, Goa, India",18462,22647.81,169.95
73335,Nigeria,PMO - US,Direct Drop,EXW,Air,15-Apr-15,15-Apr-15,HRDT,HIV test,"Trinity Biotech, Plc",SKU0009,"HIV 1/2, Uni-Gold HIV Kit, 20 Tests",Uni-Gold,20,6704,214528,32,1.6,"Trinity Biotech, Plc",2134,13771.63,252.5
73348,Zimbabwe,PMO - US,Direct Drop,FCA,Air,28-Feb-15,28-Feb-15,ARV,Pediatric,ABBVIE LOGISTICS (FORMERLY ABBOTT LOGISTICS BV),SKU0042,"Lopinavir/Ritonavir 80/20mg/ml [Kaletra], oral solution, cool, Bottle 5 x 60 ml",Kaletra,300,5362,165256.84,30.82,0.1,ABBVIE (Abbott) Logis. UK,5060,44952.61,169.88
73360,Vietnam,PMO - US,Direct Drop,EXW,Air,26-Oct-09,26-Oct-09,ARV,Adult,Aurobindo Pharma Limited,SKU0069,"Didanosine 250mg, delayed-release capsules, 30 Caps",Generic,30,180,2340,13,0.43,"Aurobindo Unit III, India",See ASN-5131 (ID#:25886),See ASN-5131 (ID#:25886),4.59
73373,"Congo, DRC",PMO - US,Direct Drop,EXW,Air,2-Jul-15,2-Jul-15,HRDT,HIV test,"Trinity Biotech, Plc",SKU0009,"HIV 1/2, Uni-Gold HIV Kit, 20 Tests",Uni-Gold,20,89,2848,32,1.6,"Trinity Biotech, Plc",See ASN-31750 (ID#:19272),See ASN-31750 (ID#:19272),3.35
73379,South Africa,PMO - US,Direct Drop,DDP,Truck,6-Feb-14,6-Feb-14,ARV,Adult,S. BUYS WHOLESALER,SKU0014,"Zidovudine 300mg, tablets, 60 Tabs",Generic,60,22,543.68,24.71,0.41,"Aurobindo Unit III, India",Weight Captured Separately,Freight Included in Commodity Cost,0.67
73403,Afghanistan,PMO - US,Direct Drop,EXW,Air,12-Jul-15,12-Jul-15,ANTM,Malaria,IMRES B.V.,SKU0175,"Quinine sulphate 300mg, film coated tablet, 1000 Tabs",Generic,1000,57,2881.35,50.55,0.05,Mepro Pharm Wadhwan Unit II,See ASN-30861 (ID#:41238),See ASN-30861 (ID#:41238),3.39
73507,Mozambique,PMO - US,Direct Drop,EXW,Air,4-Sep-12,4-Sep-12,HRDT,HIV test,"Orgenics, Ltd",SKU0002,"HIV 1/2, Determine Complete HIV Kit, 100 Tests",Determine,100,5000,400000,80,0.8,"Alere Medical Co., Ltd.",2384,43848.04,560.8
73567,Nigeria,PMO - US,Direct Drop,EXW,Air,22-Apr-15,22-Apr-15,HRDT,HIV test,"Trinity Biotech, Plc",SKU0009,"HIV 1/2, Uni-Gold HIV Kit, 20 Tests",Uni-Gold,20,6705,214560,32,1.6,"Trinity Biotech, Plc",Weight Captured Separately,Invoiced Separately,252.54
73569,Vietnam,PMO - US,Direct Drop,EXW,Air,26-Jul-11,26-Jul-11,ARV,Adult,STRIDES ARCOLAB LIMITED,SKU0007,"Nevirapine 200mg, tablets, 60 Tabs",Generic,60,15000,38100,2.54,0.04,"Strides, Bangalore, India.",See ASN-11362 (ID#:47253),See ASN-11362 (ID#:47253),62.86
73585,South Africa,PMO - US,Direct Drop,DDP,Truck,9-Mar-15,9-Mar-15,ARV,Adult,PHARMACY DIRECT,SKU0129,"Raltegravir 400mg [Isentress], tablets, 60 Tabs",Isentress,60,62,3792.2,61.16,1.02,"MSD, Haarlem, NL",Weight Captured Separately,Freight Included in Commodity Cost,3.9
73596,Nigeria,PMO - US,Direct Drop,EXW,Air,19-Aug-14,4-Sep-14,HRDT,HIV test,"Orgenics, Ltd",SKU0002,"HIV 1/2, Determine Complete HIV Kit, 100 Tests",Determine,100,2769,246441,89,0.89,"Alere Medical Co., Ltd.",2355,16816.33,253.34
73607,Côte d'Ivoire,PMO - US,Direct Drop,FCA,Air,16-Oct-09,16-Oct-09,ARV,Adult,ABBVIE LOGISTICS (FORMERLY ABBOTT LOGISTICS BV),SKU0052,"Ritonavir 100mg [Norvir], capsules, cool, 4 x 84 Caps",Norvir,336,300,11508,38.36,0.11,ABBVIE (Abbott) France,546,8956.05,22.56
73661,South Africa,PMO - US,Direct Drop,DDP,Ocean,22-Nov-11,22-Nov-11,ARV,Adult,Aurobindo Pharma Limited,SKU0014,"Zidovudine 300mg, tablets, 60 Tabs",Generic,60,90171,658248.3,7.3,0.12,"Aurobindo Unit III, India",4670,3341.45,1086.11
73665,South Africa,PMO - US,Direct Drop,DDP,Ocean,26-Apr-11,12-Apr-11,ARV,Adult,Aurobindo Pharma Limited,SKU0003,"Lamivudine 150mg, tablets, 60 Tabs",Generic,60,185748,440222.76,2.37,0.04,"Aurobindo Unit III, India",9374,11372.23,949.12
73675,Vietnam,PMO - US,Direct Drop,EXW,Air,28-Sep-13,28-Sep-13,ARV,Adult,HETERO LABS LIMITED,SKU0058,"Abacavir 300mg, tablets, 60 Tabs",Generic,60,429,5255.25,12.25,0.2,Hetero Unit III Hyderabad IN,See ASN-21667 (ID#:41892),See ASN-21667 (ID#:41892),6.5
73724,Haiti,PMO - US,Direct Drop,EXW,Air,2-Sep-15,2-Sep-15,ARV,Adult,EMCURE PHARMACEUTICALS LTD,SKU0119,"Atazanavir/Ritonavir 300/100mg, tablets, 30 Tabs",Generic,30,3320,59760,18,0.6,"Emcure Plot No.P-2, I.T-B.T. Park, Phase II, MIDC, Hinjwadi, Pune, India",Weight Captured Separately,Invoiced Separately,61.43
73726,Haiti,PMO - US,Direct Drop,EXW,Ocean,7-Aug-13,7-Aug-13,ARV,Pediatric,Aurobindo Pharma Limited,SKU0117,"Zidovudine 10mg/ml, oral solution w/syringe, Bottle, 240 ml",Generic,240,1999,4197.9,2.1,0.01,"Aurobindo Unit III, India",See ASN-18919 (ID#:14578),See ASN-18919 (ID#:14578),5.19
73727,Uganda,PMO - US,Direct Drop,EXW,Air,8-Apr-15,8-Apr-15,ARV,Adult,EMCURE PHARMACEUTICALS LTD,SKU0119,"Atazanavir/Ritonavir 300/100mg, tablets, 30 Tabs",Generic,30,1776,31968,18,0.6,"Emcure Plot No.P-2, I.T-B.T. Park, Phase II, MIDC, Hinjwadi, Pune, India",237,1794.89,37.63
73748,Tanzania,PMO - US,Direct Drop,EXW,Air,24-Aug-13,24-Aug-13,ARV,Adult,Aurobindo Pharma Limited,SKU0054,"Lamivudine/Nevirapine/Zidovudine 150/200/300mg, tablets, 60 Tabs",Generic,60,36451,297075.65,8.15,0.14,"Aurobindo Unit III, India",4611,20618.55,367.48
73757,Zambia,PMO - US,Direct Drop,FCA,Air,18-May-15,18-May-15,ARV,Pediatric,ABBVIE LOGISTICS (FORMERLY ABBOTT LOGISTICS BV),SKU0042,"Lopinavir/Ritonavir 80/20mg/ml [Kaletra], oral solution, cool, Bottle 5 x 60 ml",Kaletra,300,2265,69807.3,30.82,0.1,ABBVIE (Abbott) Logis. UK,2272,13303.8,71.76
73776,"Congo, DRC",PMO - US,Direct Drop,EXW,Air,23-Jul-15,23-Jul-15,HRDT,HIV test,"Orgenics, Ltd",SKU0002,"HIV 1/2, Determine Complete HIV Kit, 100 Tests",Determine,100,128,10240,80,0.8,"Alere Medical Co., Ltd.",See ASN-32231 (ID#:13648),See ASN-32231 (ID#:13648),12.05
73782,Haiti,PMO - US,Direct Drop,EXW,Ocean,13-Aug-15,13-Aug-15,ARV,Adult,HETERO LABS LIMITED,SKU0011,"Lamivudine/Zidovudine 150/300mg, tablets, 60 Tabs",Generic,60,65760,434673.6,6.61,0.11,"Hetero, Jadcherla, unit 5, IN",See ASN-32682 (ID#:38510),See ASN-32682 (ID#:38510),511.61
73804,Vietnam,PMO - US,Direct Drop,EXW,Air,3-Sep-15,3-Sep-15,ARV,Adult,HETERO LABS LIMITED,SKU0113,"Efavirenz/Lamivudine/Tenofovir Disoproxil Fumarate 600/300/300mg, tablets, 30 Tabs",Generic,30,17760,168720,9.5,0.32,Hetero Unit III Hyderabad IN,Weight Captured Separately,Invoiced Separately,198.58
73806,South Africa,PMO - US,Direct Drop,DDP,Truck,28-Nov-14,28-Nov-14,ARV,Adult,PHARMACY DIRECT,SKU0069,"Didanosine 250mg, delayed-release capsules, 30 Caps",Generic,30,6,66.1,11.02,0.37,"Aurobindo Unit III, India",Weight Captured Separately,Freight Included in Commodity Cost,0.07
73807,South Africa,PMO - US,Direct Drop,DDP,Air,7-Sep-10,27-Oct-10,ARV,Adult,Aurobindo Pharma Limited,SKU0026,"Efavirenz 600mg, tablets, 30 Tabs",Generic,30,29380,137204.6,4.67,0.16,"Aurobindo Unit III, India",Weight Captured Separately,Freight Included in Commodity Cost,295.81
73818,Côte d'Ivoire,PMO - US,Direct Drop,EXW,Air,10-Nov-10,10-Nov-10,HRDT,HIV test,"Orgenics, Ltd",SKU0017,"HIV 1/2, Determine HIV Kit, without Lancets, 100 Tests",Determine,100,5408,420201.6,77.7,0.78,Inverness Japan,1229,17085.16,905.95
73843,South Africa,PMO - US,Direct Drop,DDP,Ocean,31-Jan-11,31-Jan-11,ARV,Adult,Aurobindo Pharma Limited,SKU0003,"Lamivudine 150mg, tablets, 60 Tabs",Generic,60,19177,45449.49,2.37,0.04,"Aurobindo Unit III, India",See ASN-9179 (ID#:28515),See ASN-9179 (ID#:28515),97.99
73861,Vietnam,PMO - US,Direct Drop,EXW,Air,1-Mar-12,1-Mar-12,ARV,Adult,Aurobindo Pharma Limited,SKU0026,"Efavirenz 600mg, tablets, 30 Tabs",Generic,30,49452,200280.6,4.05,0.13,"Aurobindo Unit III, India",See ASN-13475 (ID#:15772),See ASN-13475 (ID#:15772),330.46
73867,South Sudan,PMO - US,Direct Drop,EXW,Air,8-May-15,8-May-15,HRDT,HIV test,"Trinity Biotech, Plc",SKU0009,"HIV 1/2, Uni-Gold HIV Kit, 20 Tests",Uni-Gold,20,25,800,32,1.6,"Trinity Biotech, Plc",See ASN-31129 (ID#:40205),See ASN-31129 (ID#:40205),0.94
73906,Ghana,PMO - US,Direct Drop,EXW,Air,11-Sep-14,11-Sep-14,ARV,Adult,MYLAN LABORATORIES LTD (FORMERLY MATRIX LABORATORIES),SKU0105,"Emtricitabine/Tenofovir Disoproxil Fumarate 200/300mg, tablets, 30 Tabs",Generic,30,8458,47364.8,5.6,0.19,Mylan (formerly Matrix) Nashik,758,6956.18,48.69
73918,Zimbabwe,PMO - US,Direct Drop,EXW,Air,19-Oct-11,19-Oct-11,HRDT,HIV test,"Orgenics, Ltd",SKU0002,"HIV 1/2, Determine Complete HIV Kit, 100 Tests",Determine,100,2499,199920,80,0.8,Inverness Japan,1191,23808.37,329.87
73961,Uganda,PMO - US,Direct Drop,FCA,Air,20-Oct-09,20-Oct-09,ARV,Adult,ABBVIE LOGISTICS (FORMERLY ABBOTT LOGISTICS BV),SKU0008,"Lopinavir/Ritonavir 200/50mg [Aluvia], tablets, 120 Tabs",Aluvia,120,480,17356.8,36.16,0.3,ABBVIE Ludwigshafen Germany,126,1360.34,34.02
73986,Nigeria,PMO - US,Direct Drop,EXW,Air,7-Nov-13,11-Nov-13,HRDT,HIV test,"Orgenics, Ltd",SKU0002,"HIV 1/2, Determine Complete HIV Kit, 100 Tests",Determine,100,3041,270649,89,0.89,"Alere Medical Co., Ltd.",1235,21084.84,334.79
73996,Côte d'Ivoire,PMO - US,Direct Drop,EXW,Air,4-Nov-13,4-Nov-13,ARV,Adult,MYLAN LABORATORIES LTD (FORMERLY MATRIX LABORATORIES),SKU0119,"Atazanavir/Ritonavir 300/100mg, tablets, 30 Tabs",Generic,30,4500,90000,20,0.67,Mylan (formerly Matrix) Nashik,608,4568.92,111.33
74008,South Africa,PMO - US,Direct Drop,DDP,Ocean,2-Dec-11,2-Dec-11,ARV,Pediatric,GLAXOSMITHKLINE EXPORT LIMITED,SKU0087,"Abacavir 20mg/ml [Ziagen], oral solution, Bottle, 240 ml",Ziagen,240,20000,185600,9.28,0.04,GSK Mississauga (Canada),7664,8301.76,306.24
74035,South Africa,PMO - US,Direct Drop,DDP,Truck,27-Aug-14,27-Aug-14,ARV,Adult,S. BUYS WHOLESALER,SKU0014,"Zidovudine 300mg, tablets, 60 Tabs",Generic,60,11,306.08,27.83,0.46,"Aurobindo Unit III, India",Weight Captured Separately,Freight Included in Commodity Cost,0.38
74135,South Africa,PMO - US,Direct Drop,DDP,Ocean,14-Jul-11,18-Nov-11,ARV,Adult,CIPLA LIMITED,SKU0029,"Tenofovir Disoproxil Fumarate 300mg, tablets, 30 Tabs",Generic,30,51382,332441.54,6.47,0.22,"Cipla, Goa, India",Weight Captured Separately,Freight Included in Commodity Cost,548.53
74156,South Sudan,PMO - US,Direct Drop,EXW,Air,2-Jul-15,2-Jul-15,HRDT,HIV test,"Orgenics, Ltd",SKU0002,"HIV 1/2, Determine Complete HIV Kit, 100 Tests",Determine,100,90,8010,89,0.89,"Alere Medical Co., Ltd.",See ASN-31958 (ID#:15788),See ASN-31958 (ID#:15788),9.43
74178,Uganda,PMO - US,Direct Drop,EXW,Air,28-Oct-13,28-Oct-13,ARV,Pediatric,MYLAN LABORATORIES LTD (FORMERLY MATRIX LABORATORIES),SKU0176,"Efavirenz 200mg, tablets, 30 Tabs",Generic,30,61386,92079,1.5,0.05,Mylan (formerly Matrix) Nashik,3262,12034.96,113.9
74183,Burundi,PMO - US,Direct Drop,EXW,Air,13-Jun-14,13-Jun-14,HRDT,HIV test,"Orgenics, Ltd",SKU0002,"HIV 1/2, Determine Complete HIV Kit, 100 Tests",Determine,100,2114,169120,80,0.8,"Alere Medical Co., Ltd.",822,21348.51,173.86
74213,South Africa,South Africa Field Office,Direct Drop,DDP,Truck,16-Apr-13,16-Apr-13,ARV,Adult,S. BUYS WHOLESALER,SKU0058,"Abacavir 300mg, tablets, 60 Tabs",Generic,60,537,14023.43,26.11,0.44,"Cipla, Patalganga, India",Weight Captured Separately,Freight Included in Commodity Cost,17.35
74260,Uganda,PMO - US,Direct Drop,CIP,Air,4-Jan-12,4-Jan-12,ARV,Adult,MERCK SHARP & DOHME IDEA GMBH (FORMALLY MERCK SHARP & DOHME B.V.),SKU0094,"Indinavir 400mg [Crixivan], capsules, 180 Caps",Crixivan,180,36,1800,50,0.28,"MSD, Haarlem, NL",9,286,2.97
74268,Namibia,PMO - US,Direct Drop,EXW,Air,18-Feb-10,18-Feb-10,HRDT,HIV test,"Orgenics, Ltd",SKU0017,"HIV 1/2, Determine HIV Kit, without Lancets, 100 Tests",Determine,100,200,14000,70,0.7,Inverness Japan,45,10486.42,30.18
74273,South Africa,PMO - US,Direct Drop,DDP,Truck,2-Jun-15,2-Jun-15,ARV,Adult,PHARMACY DIRECT,SKU0007,"Nevirapine 200mg, tablets, 60 Tabs",Generic,60,19,243.66,12.82,0.21,"Aurobindo Unit III, India",Weight Captured Separately,Freight Included in Commodity Cost,0.25
74288,Vietnam,PMO - US,Direct Drop,EXW,Air,19-Dec-14,19-Dec-14,ARV,Adult,HETERO LABS LIMITED,SKU0026,"Efavirenz 600mg, tablets, 30 Tabs",Generic,30,10000,35000,3.5,0.12,Hetero Unit III Hyderabad IN,See ASN-29386 (ID#:42295),See ASN-29386 (ID#:42295),35.98
74320,Haiti,PMO - US,Direct Drop,EXW,Ocean,9-May-14,9-May-14,ARV,Adult,HETERO LABS LIMITED,SKU0007,"Nevirapine 200mg, tablets, 60 Tabs",Generic,60,10725,23595,2.2,0.04,Hetero Unit III Hyderabad IN,See ASN-24412 (ID#:64757),See ASN-24412 (ID#:64757),29.19
74329,Cameroon,PMO - US,Direct Drop,EXW,Air,18-Nov-11,18-Nov-11,HRDT,HIV test,"Orgenics, Ltd",SKU0122,"HIV 1/2, Determine Kit without Lancets, Buffer or Caplillary Tubes, 100 Tests",Determine,100,100,7215,72.15,0.72,Inverness Japan,18,1278.12,11.9
74333,South Africa,PMO - US,Direct Drop,DDP,Truck,24-Aug-15,24-Aug-15,ARV,Adult,PHARMACY DIRECT,SKU0014,"Zidovudine 300mg, tablets, 60 Tabs",Generic,60,15,289.91,19.33,0.32,"Aurobindo Unit III, India",Weight Captured Separately,Freight Included in Commodity Cost,0.3
74337,South Africa,PMO - US,Direct Drop,DDP,Truck,6-Feb-14,6-Feb-14,ARV,Adult,S. BUYS WHOLESALER,SKU0026,"Efavirenz 600mg, tablets, 30 Tabs",Generic,30,2348,34277.51,14.6,0.49,"Aurobindo Unit III, India",Weight Captured Separately,Freight Included in Commodity Cost,42.4
74343,Ethiopia,PMO - US,Direct Drop,EXW,Air,17-Nov-14,17-Nov-14,HRDT,HIV test,"Trinity Biotech, Plc",SKU0009,"HIV 1/2, Uni-Gold HIV Kit, 20 Tests",Uni-Gold,20,540,17280,32,1.6,"Trinity Biotech, Plc",165,1442.44,17.76
74357,Kenya,PMO - US,Direct Drop,EXW,Air,9-Jul-12,28-Jul-12,HRDT,HIV test,"Orgenics, Ltd",SKU0002,"HIV 1/2, Determine Complete HIV Kit, 100 Tests",Determine,100,6618,589002,89,0.89,"Alere Medical Co., Ltd.",1139,11827.07,825.78
74364,South Africa,South Africa Field Office,Direct Drop,DDP,Truck,16-Apr-13,16-Apr-13,ARV,Pediatric,S. BUYS WHOLESALER,SKU0049,"Efavirenz 50mg, capsule, 30 Caps",Generic,30,2146,6526.5,3.04,0.1,"Aurobindo Unit III, India",Weight Captured Separately,Freight Included in Commodity Cost,8.07
74385,South Sudan,PMO - US,Direct Drop,EXW,Air,11-Feb-14,11-Feb-14,HRDT,HIV test,"Trinity Biotech, Plc",SKU0009,"HIV 1/2, Uni-Gold HIV Kit, 20 Tests",Uni-Gold,20,35,1120,32,1.6,"Trinity Biotech, Plc",See ASN-22955 (ID#:19019),See ASN-22955 (ID#:19019),1.39
74398,South Africa,PMO - US,Direct Drop,DDP,Ocean,10-Oct-11,10-Oct-11,ARV,Adult,Aurobindo Pharma Limited,SKU0026,"Efavirenz 600mg, tablets, 30 Tabs",Generic,30,78595,354463.45,4.51,0.15,"Aurobindo Unit III, India",6681,9323.27,584.86
74417,South Africa,PMO - US,Direct Drop,DDP,Truck,7-Feb-14,7-Feb-14,ARV,Adult,S. BUYS WHOLESALER,SKU0026,"Efavirenz 600mg, tablets, 30 Tabs",Generic,30,676,11202.19,16.57,0.55,Hetero Unit III Hyderabad IN,Weight Captured Separately,Freight Included in Commodity Cost,13.86
74419,"Congo, DRC",PMO - US,Direct Drop,EXW,Air,18-Jun-12,18-Jun-12,HRDT,HIV test,"Orgenics, Ltd",SKU0002,"HIV 1/2, Determine Complete HIV Kit, 100 Tests",Determine,100,1265,101200,80,0.8,"Alere Medical Co., Ltd.",657,15722.05,141.88
74439,Nigeria,PMO - US,Direct Drop,EXW,Air,31-Aug-11,25-Aug-11,HRDT,HIV test,"Orgenics, Ltd",SKU0002,"HIV 1/2, Determine Complete HIV Kit, 100 Tests",Determine,100,2853,253917,89,0.89,Inverness Japan,1360,32499.11,418.96
74465,Haiti,PMO - US,Direct Drop,FCA,Air,5-Apr-11,5-Apr-11,ARV,Pediatric,BRISTOL-MYERS SQUIBB,SKU0046,"Didanosine 50mg [Videx], chewable tablets, 60 Tabs",Videx,60,200,1900,9.5,0.16,"BMS Meymac, France",94,757.42,3.14
74479,Ethiopia,PMO - US,Direct Drop,EXW,Air,11-Feb-10,11-Feb-10,HRDT,HIV test,"SHANGHAI KEHUA BIOENGINEERING CO.,LTD.  (KHB)",SKU0063,"HIV 1/2, SKB Colloidal Gold, Diagnostic Kit, Antibody, 50 Tests",Colloidal Gold,1,800,18400,23,23,"KHB Test Kit Facility, Shanghai China",543,5456.44,39.67
74492,Rwanda,PMO - US,Direct Drop,EXW,Ocean,16-Jul-12,16-Jul-12,ARV,Adult,MYLAN LABORATORIES LTD (FORMERLY MATRIX LABORATORIES),SKU0113,"Efavirenz/Lamivudine/Tenofovir Disoproxil Fumarate 600/300/300mg, tablets, 30 Tabs",Generic,30,39330,511290,13,0.43,Mylan (formerly Matrix) Nashik,4426,66916.5,716.83
74499,Haiti,PMO - US,Direct Drop,CIP,Air,18-Oct-11,18-Oct-11,ARV,Pediatric,MERCK SHARP & DOHME IDEA GMBH (FORMALLY MERCK SHARP & DOHME B.V.),SKU0102,"Efavirenz 30mg/ml [Stocrin/Sustiva], oral solution, Bottle, 180 ml",Stocrin/Sustiva,180,270,4579.2,16.96,0.09,"MSD Patheon, Canada",76,290,7.56
74502,Haiti,PMO - US,Direct Drop,DAP,Truck,12-Apr-13,12-Apr-13,HRDT,HIV test,REINBOLD EXPORT IMPORT,SKU0002,"HIV 1/2, Determine Complete HIV Kit, 100 Tests",Determine,100,11,1375,125,1.25,"Alere Medical Co., Ltd.",Weight Captured Separately,Freight Included in Commodity Cost,1.7
74517,Zimbabwe,PMO - US,Direct Drop,FCA,Air,14-May-15,14-May-15,ARV,Pediatric,ABBVIE LOGISTICS (FORMERLY ABBOTT LOGISTICS BV),SKU0042,"Lopinavir/Ritonavir 80/20mg/ml [Kaletra], oral solution, cool, Bottle 5 x 60 ml",Kaletra,300,2625,80902.5,30.82,0.1,ABBVIE (Abbott) Logis. UK,2583,20559.39,95.22
74540,Vietnam,PMO - US,Direct Drop,EXW,Air,27-Jan-10,27-Jan-10,ARV,Adult,STRIDES ARCOLAB LIMITED,SKU0004,"Stavudine 30mg, capsules, 60 Caps",Generic,60,8904,12465.6,1.4,0.02,"Strides, Bangalore, India.",429,2633.91,26.88
74569,South Africa,PMO - US,Direct Drop,DDP,Truck,30-Oct-09,30-Oct-09,ARV,Pediatric,S. BUYS WHOLESALER,SKU0049,"Efavirenz 50mg, capsule, 30 Caps",Generic,30,1261,5063.76,4.02,0.13,"Aurobindo Unit III, India",Weight Captured Separately,Freight Included in Commodity Cost,9.92
74602,South Africa,PMO - US,Direct Drop,DDP,Ocean,14-Feb-11,14-Feb-11,ARV,Adult,CIPLA LIMITED,SKU0007,"Nevirapine 200mg, tablets, 60 Tabs",Generic,60,158000,440820,2.79,0.05,"Cipla, Goa, India",16768,23721.9,950.41
74609,Kenya,PMO - US,Direct Drop,CIP,Air,28-Feb-13,28-Feb-13,HRDT,HIV test,"Orgenics, Ltd",SKU0002,"HIV 1/2, Determine Complete HIV Kit, 100 Tests",Determine,100,1,89,89,0.89,"Alere Medical Co., Ltd.",1476,91.66,0.12
74610,Vietnam,PMO - US,Direct Drop,EXW,Air,24-Oct-11,24-Oct-11,ARV,Adult,HETERO LABS LIMITED,SKU0011,"Lamivudine/Zidovudine 150/300mg, tablets, 60 Tabs",Generic,60,11755,96391,8.2,0.14,Hetero Unit III Hyderabad IN,1083,9046.76,159.05
74660,Rwanda,PMO - US,Direct Drop,CIP,Air,11-Jan-11,11-Jan-11,ARV,Adult,HETERO LABS LIMITED,SKU0026,"Efavirenz 600mg, tablets, 30 Tabs",Generic,30,1396,6044.68,4.33,0.14,Hetero Unit III Hyderabad IN,Weight Captured Separately,Freight Included in Commodity Cost,13.03
74674,South Africa,PMO - US,Direct Drop,DDP,Truck,11-Aug-09,11-Aug-09,ARV,Adult,S. BUYS WHOLESALER,SKU0021,"Tenofovir Disoproxil Fumarate 300mg [Viread], tablets, 30 Tabs",Viread,30,163,4195.98,25.74,0.86,"Aspen-OSD, Port Elizabeth, SA",Weight Captured Separately,Freight Included in Commodity Cost,8.22
74683,Tanzania,PMO - US,Direct Drop,EXW,Air,20-Jun-11,20-Jun-11,HRDT,HIV test,"Orgenics, Ltd",SKU0002,"HIV 1/2, Determine Complete HIV Kit, 100 Tests",Determine,100,86,6880,80,0.8,Inverness Japan,40,1765.86,11.35
74694,South Africa,PMO - US,Direct Drop,DDP,Truck,9-Mar-15,9-Mar-15,ARV,Pediatric,PHARMACY DIRECT,SKU0066,"Efavirenz 200mg, capsule, 90 Caps",Generic,90,3,51.12,17.04,0.19,"Aurobindo Unit III, India",Weight Captured Separately,Freight Included in Commodity Cost,0.05
74697,Vietnam,PMO - US,Direct Drop,EXW,Air,22-Nov-11,22-Nov-11,ARV,Adult,MYLAN LABORATORIES LTD (FORMERLY MATRIX LABORATORIES),SKU0058,"Abacavir 300mg, tablets, 60 Tabs",Generic,60,408,5911.92,14.49,0.24,Mylan (formerly Matrix) Nashik,42,4388.84,9.75
74699,Vietnam,PMO - US,Direct Drop,EXW,Air,1-Jul-10,1-Jul-10,ARV,Adult,CIPLA LIMITED,SKU0044,"Lamivudine/Nevirapine/Stavudine 150/200/30mg, tablets, 60 Tabs",Generic,60,30080,171155.2,5.69,0.09,"Cipla, Goa, India",2933,12067.26,369.01
74722,South Africa,PMO - US,Direct Drop,DDP,Truck,19-Feb-15,19-Feb-15,ARV,Pediatric,PHARMACY DIRECT,SKU0144,"Atazanavir 150mg [Reyataz], capsules, 60 Caps",Reyataz,60,3,58.13,19.38,0.32,"BMS Evansville, US",Weight Captured Separately,Freight Included in Commodity Cost,0.06
74729,Nigeria,PMO - US,Direct Drop,EXW,Air,6-May-13,6-May-13,HRDT,HIV test,"CHEMBIO DIAGNOSTIC SYSTEMS, INC.",SKU0016,"HIV 1/2, Stat-Pak HIV, Kit, 20 Tests",Stat-Pak,20,3401,98629,29,1.45,Chembio Diagnostics Sys. Inc.,972,10191.28,138.28
74732,Sudan,PMO - US,Direct Drop,EXW,Air,6-Jan-12,6-Jan-12,HRDT,HIV test,"Orgenics, Ltd",SKU0002,"HIV 1/2, Determine Complete HIV Kit, 100 Tests",Determine,100,115,10235,89,0.89,"Alere Medical Co., Ltd.",53,1614.83,16.89
74753,South Africa,PMO - US,Direct Drop,DDP,Truck,11-Jul-14,11-Jul-14,ARV,Pediatric,S. BUYS WHOLESALER,SKU0144,"Atazanavir 150mg [Reyataz], capsules, 60 Caps",Reyataz,60,2,51.37,25.68,0.43,"BMS Evansville, US",Weight Captured Separately,Freight Included in Commodity Cost,0.06
74771,South Africa,South Africa Field Office,Direct Drop,DDP,Truck,16-Apr-13,16-Apr-13,ARV,Adult,S. BUYS WHOLESALER,SKU0061,"Lamivudine 150mg [Epivir], tablets, 60 Tabs",Epivir,60,19284,144614.29,7.5,0.12,GSK Ware (UK),Weight Captured Separately,Freight Included in Commodity Cost,178.89
74780,Côte d'Ivoire,PMO - US,Direct Drop,EXW,Air,17-Oct-12,17-Oct-12,HRDT,HIV test,"CHEMBIO DIAGNOSTIC SYSTEMS, INC.",SKU0016,"HIV 1/2, Stat-Pak HIV, Kit, 20 Tests",Stat-Pak,20,3678,106662,29,1.45,Chembio Diagnostics Sys. Inc.,1056,12363.35,149.54
74786,Côte d'Ivoire,PMO - US,Direct Drop,EXW,Air,27-Mar-12,27-Mar-12,HRDT,HIV test,"Orgenics, Ltd",SKU0002,"HIV 1/2, Determine Complete HIV Kit, 100 Tests",Determine,100,2070,165600,80,0.8,"Alere Medical Co., Ltd.",988,19368.23,232.17
74834,South Africa,PMO - US,Direct Drop,DDP,Truck,13-Jan-14,13-Jan-14,ARV,Adult,S. BUYS WHOLESALER,SKU0061,"Lamivudine 150mg [Epivir], tablets, 60 Tabs",Epivir,60,115,1249.75,10.87,0.18,GSK Cape Town Factory (South Africa),Weight Captured Separately,Freight Included in Commodity Cost,1.28
74838,Nigeria,PMO - US,Direct Drop,EXW,Air,6-Jan-10,6-Jan-10,ACT,ACT,IDA FOUNDATION,SKU0034,"Artemether/Lumefantrine 20/120mg [Coartem], scored tablets, Blister 30 x 18 Tabs",Coartem,540,30,1207.5,40.25,0.07,"Novartis Pharma AG, Switzerland",1295,8423.76,2.37
74858,Haiti,PMO - US,Direct Drop,FCA,Air,4-Oct-12,4-Oct-12,ARV,Pediatric,LAWRENCE LABORATORIES (SUBSIDIARY OF BRISTOL MYERS SQUIBB),SKU0023,"Stavudine 1mg/ml [Zerit], powder for oral solution, Bottle, 200 ml",Zerit,200,90,135,1.5,0.01,Bristol-Myers Squibb Anagni IT,Weight Captured Separately,Invoiced Separately,0.19
74906,Haiti,PMO - US,Direct Drop,FCA,Air,23-Jan-14,23-Jan-14,ARV,Pediatric,ABBVIE LOGISTICS (FORMERLY ABBOTT LOGISTICS BV),SKU0045,"Lopinavir/Ritonavir 100/25mg [Aluvia], tablets, 60 Tabs",Generic,60,80,475.2,5.94,0.1,ABBVIE Ludwigshafen Germany,8,737.12,0.59
74915,Vietnam,PMO - US,Direct Drop,EXW,Air,22-Jun-11,22-Jun-11,ARV,Adult,MYLAN LABORATORIES LTD (FORMERLY MATRIX LABORATORIES),SKU0011,"Lamivudine/Zidovudine 150/300mg, tablets, 60 Tabs",Generic,60,19930,164422.5,8.25,0.14,Mylan (formerly Matrix) Nashik,See ASN-11023 (ID#:37963),See ASN-11023 (ID#:37963),271.3
74930,Zambia,PMO - US,Direct Drop,EXW,Air,28-Jan-10,28-Jan-10,HRDT,HIV test,"Orgenics, Ltd",SKU0002,"HIV 1/2, Determine Complete HIV Kit, 100 Tests",Determine,100,2898,208656,72,0.72,Inverness Japan,1409,21714.68,408.97
74936,Vietnam,PMO - US,Direct Drop,EXW,Air,1-Aug-13,1-Aug-13,ARV,Adult,MYLAN LABORATORIES LTD (FORMERLY MATRIX LABORATORIES),SKU0113,"Efavirenz/Lamivudine/Tenofovir Disoproxil Fumarate 600/300/300mg, tablets, 30 Tabs",Generic,30,46802,537754.98,11.49,0.38,Mylan (formerly Matrix) Nashik,5281,13625.75,665.2
74941,South Africa,PMO - US,Direct Drop,DDP,Truck,24-Jul-15,24-Jul-15,ARV,Adult,PHARMACY DIRECT,SKU0069,"Didanosine 250mg, delayed-release capsules, 30 Caps",Generic,30,6,71.03,11.84,0.39,"Aurobindo Unit III, India",Weight Captured Separately,Freight Included in Commodity Cost,0.07
74965,Tanzania,PMO - US,Direct Drop,FCA,Air,31-Mar-11,31-Mar-11,ARV,Adult,ABBVIE LOGISTICS (FORMERLY ABBOTT LOGISTICS BV),SKU0052,"Ritonavir 100mg [Norvir], capsules, cool, 4 x 84 Caps",Norvir,336,335,12850.6,38.36,0.11,ABBVIE (Abbott) Logis. UK,146,4701.1,27.71
74993,South Africa,PMO - US,Direct Drop,DDP,Truck,9-Mar-15,9-Mar-15,ARV,Adult,PHARMACY DIRECT,SKU0115,"Etravirine 100mg [Intelence], tablets, 120 Tabs",Intelence,120,41,1049.33,25.59,0.21,"Janssen-Cilag, Latina, IT",Weight Captured Separately,Freight Included in Commodity Cost,1.08
75043,Rwanda,PMO - US,Direct Drop,FCA,Air,27-Apr-15,27-Apr-15,ARV,Pediatric,SWORDS LABORATORIES,SKU0144,"Atazanavir 150mg [Reyataz], capsules, 60 Caps",Reyataz,60,132,4468.2,33.85,0.56,"BMS Evansville, US",11,663.77,4.59
75089,South Africa,PMO - US,Direct Drop,DDP,Truck,28-Nov-14,28-Nov-14,ARV,Adult,PHARMACY DIRECT,SKU0139,"Darunavir 300mg [Prezista], tablets, 120 Tabs",Prezista,120,36,1696.63,47.13,0.39,"Janssen-Cilag, Latina, IT",Weight Captured Separately,Freight Included in Commodity Cost,1.74
75091,Namibia,PMO - US,Direct Drop,EXW,Air,14-Feb-12,14-Feb-12,HRDT,HIV test,"Trinity Biotech, Plc",SKU0009,"HIV 1/2, Uni-Gold HIV Kit, 20 Tests",Uni-Gold,20,728,23296,32,1.6,"Trinity Biotech, Plc",238,2789.67,32.66
75102,South Africa,PMO - US,Direct Drop,DDP,Ocean,12-Jan-12,12-Jan-12,ARV,Adult,CIPLA LIMITED,SKU0007,"Nevirapine 200mg, tablets, 60 Tabs",Generic,60,5360,14579.2,2.72,0.05,"Cipla, Goa, India",583,5824.11,24.06
75114,Vietnam,PMO - US,Direct Drop,EXW,Air,6-Jul-10,6-Jul-10,ARV,Adult,CIPLA LIMITED,SKU0044,"Lamivudine/Nevirapine/Stavudine 150/200/30mg, tablets, 60 Tabs",Generic,60,49920,284044.8,5.69,0.09,"Cipla, Goa, India",4799,10959.54,612.4
75122,Zimbabwe,PMO - US,Direct Drop,EXW,Air,10-Oct-12,10-Oct-12,HRDT,HIV test,BIOLYTICAL LABORATORIES INC.,SKU0177,"HIV 1/2, INSTI HIV Antibody Individual POC, 1 Test",INSTi,1,11626,29065,2.5,2.5,bioLytical Laboratories,613,8434.27,40.75
75136,Mozambique,PMO - US,Direct Drop,CIP,Air,18-Dec-13,18-Dec-13,ARV,Adult,MERCK SHARP & DOHME IDEA GMBH (FORMALLY MERCK SHARP & DOHME B.V.),SKU0129,"Raltegravir 400mg [Isentress], tablets, 60 Tabs",Isentress,60,54,2997,55.5,0.92,"MSD, Haarlem, NL",Weight Captured Separately,Freight Included in Commodity Cost,3.71
75139,Vietnam,PMO - US,Direct Drop,EXW,Air,27-Nov-09,27-Nov-09,ARV,Adult,Aurobindo Pharma Limited,SKU0004,"Stavudine 30mg, capsules, 60 Caps",Generic,60,3024,4384.8,1.45,0.02,"Aurobindo Unit III, India",202,1615.88,8.59
75153,Nigeria,PMO - US,Direct Drop,EXW,Air,3-Jan-14,3-Jan-14,HRDT,HIV test,"CHEMBIO DIAGNOSTIC SYSTEMS, INC.",SKU0016,"HIV 1/2, Stat-Pak HIV, Kit, 20 Tests",Stat-Pak,20,3337,106784,32,1.6,Chembio Diagnostics Sys. Inc.,1252,5758.84,132.09
75177,South Africa,PMO - US,Direct Drop,DDP,Truck,10-Jul-14,10-Jul-14,ARV,Pediatric,S. BUYS WHOLESALER,SKU0042,"Lopinavir/Ritonavir 80/20mg/ml [Kaletra], oral solution, cool, Bottle 5 x 60 ml",Kaletra,300,4,93.81,23.45,0.08,ABBVIE (Abbott) Logis. UK,Weight Captured Separately,Freight Included in Commodity Cost,0.12
75181,"Congo, DRC",PMO - US,Direct Drop,EXW,Air,4-Apr-14,4-Apr-14,HRDT,HIV test,"Trinity Biotech, Plc",SKU0009,"HIV 1/2, Uni-Gold HIV Kit, 20 Tests",Uni-Gold,20,5,160,32,1.6,"Trinity Biotech, Plc",See ASN-24721 (ID#:13708),See ASN-24721 (ID#:13708),0.16
75198,Ghana,PMO - US,Direct Drop,EXW,Air,10-Nov-14,10-Nov-14,ARV,Adult,Aurobindo Pharma Limited,SKU0054,"Lamivudine/Nevirapine/Zidovudine 150/200/300mg, tablets, 60 Tabs",Generic,60,25097,205795.4,8.2,0.14,"Aurobindo Unit III, India",3167,16189.27,211.56
75202,"Congo, DRC",PMO - US,Direct Drop,EXW,Air,4-Nov-14,4-Nov-14,HRDT,HIV test,"Trinity Biotech, Plc",SKU0009,"HIV 1/2, Uni-Gold HIV Kit, 20 Tests",Uni-Gold,20,214,6848,32,1.6,"Trinity Biotech, Plc",See ASN-28279 (ID#:13547),See ASN-28279 (ID#:13547),7.04
75229,Zambia,PMO - US,Direct Drop,EXW,Air,9-Mar-12,9-Mar-12,HRDT,HIV test,"Trinity Biotech, Plc",SKU0009,"HIV 1/2, Uni-Gold HIV Kit, 20 Tests",Uni-Gold,20,5000,160000,32,1.6,"Trinity Biotech, Plc",1647,20626.58,264
75309,South Africa,PMO - US,Direct Drop,DDP,Truck,28-Aug-14,28-Aug-14,ARV,Adult,PHARMACY DIRECT,SKU0058,"Abacavir 300mg, tablets, 60 Tabs",Generic,60,99,6830.08,68.99,1.15,"Aurobindo Unit III, India",Weight Captured Separately,Freight Included in Commodity Cost,7.02
75331,South Africa,PMO - US,Direct Drop,DDP,Truck,7-Feb-14,7-Feb-14,ARV,Adult,S. BUYS WHOLESALER,SKU0007,"Nevirapine 200mg, tablets, 60 Tabs",Generic,60,76,1487.93,19.58,0.33,"Aurobindo Unit III, India",Weight Captured Separately,Freight Included in Commodity Cost,1.84
75336,Vietnam,PMO - US,Direct Drop,EXW,Air,10-Dec-12,10-Dec-12,ARV,Adult,Aurobindo Pharma Limited,SKU0026,"Efavirenz 600mg, tablets, 30 Tabs",Generic,30,14119,46592.7,3.3,0.11,"Aurobindo Unit III, India",See ASN-17077 (ID#:37031),See ASN-17077 (ID#:37031),65.32
75345,Côte d'Ivoire,PMO - US,Direct Drop,FCA,Air,23-Oct-09,23-Oct-09,ARV,Adult,ABBVIE LOGISTICS (FORMERLY ABBOTT LOGISTICS BV),SKU0008,"Lopinavir/Ritonavir 200/50mg [Aluvia], tablets, 120 Tabs",Aluvia,120,12560,454169.6,36.16,0.3,ABBVIE Ludwigshafen Germany,3080,18459.58,890.17
75352,Cameroon,PMO - US,Direct Drop,EXW,Air,14-Nov-13,14-Nov-13,ARV,Adult,SUN PHARMACEUTICAL INDUSTRIES LTD (RANBAXY LABORATORIES LIMITED),SKU0107,"Lamivudine/Tenofovir Disoproxil Fumarate 300/300mg, tablets, 30 Tabs",Generic,30,39960,193406.4,4.84,0.16,Ranbaxy per Shasun Pharma Ltd,4123,28778.76,239.24
75373,South Sudan,PMO - US,Direct Drop,EXW,Air,25-Jul-15,25-Jul-15,HRDT,HIV test,"Trinity Biotech, Plc",SKU0009,"HIV 1/2, Uni-Gold HIV Kit, 20 Tests",Uni-Gold,20,25,800,32,1.6,"Trinity Biotech, Plc",See ASN-31765 (ID#:41640),See ASN-31765 (ID#:41640),0.94
75422,Zambia,PMO - US,Direct Drop,EXW,Air,20-Jul-14,21-Jul-14,ARV,Adult,Aurobindo Pharma Limited,SKU0007,"Nevirapine 200mg, tablets, 60 Tabs",Generic,60,38939,87612.75,2.25,0.04,"Aurobindo Unit III, India",3962,20233.34,90.07
75491,South Africa,PMO - US,Direct Drop,DDP,Truck,28-Apr-15,28-Apr-15,ARV,Pediatric,PHARMACY DIRECT,SKU0066,"Efavirenz 200mg, capsule, 90 Caps",Generic,90,6,283.05,47.18,0.52,"Aurobindo Unit III, India",Weight Captured Separately,Freight Included in Commodity Cost,0.29
75494,Rwanda,PMO - US,Direct Drop,EXW,Air,15-Mar-13,15-Mar-13,HRDT,HIV test,"Trinity Biotech, Plc",SKU0009,"HIV 1/2, Uni-Gold HIV Kit, 20 Tests",Uni-Gold,20,500,16000,32,1.6,"Trinity Biotech, Plc",166,3478.5,19.79
75502,Tanzania,PMO - US,Direct Drop,EXW,Air,28-Jan-14,28-Jan-14,ARV,Pediatric,Aurobindo Pharma Limited,SKU0049,"Efavirenz 50mg, capsule, 30 Caps",Generic,30,11912,18582.72,1.56,0.05,"Aurobindo Unit III, India",802,5740.54,22.99
75522,Vietnam,PMO - US,Direct Drop,EXW,Air,21-Jan-14,21-Jan-14,ARV,Adult,HETERO LABS LIMITED,SKU0026,"Efavirenz 600mg, tablets, 30 Tabs",Generic,30,11517,37315.08,3.24,0.11,Hetero Unit III Hyderabad IN,1006,3001.35,46.16
75534,Rwanda,PMO - US,Direct Drop,CIP,Air,24-Jul-14,24-Jul-14,ARV,Adult,MYLAN LABORATORIES LTD (FORMERLY MATRIX LABORATORIES),SKU0119,"Atazanavir/Ritonavir 300/100mg, tablets, 30 Tabs",Generic,30,18000,360000,20,0.67,Mylan (formerly Matrix) Nashik,2402,1832.54,370.08
75554,Haiti,PMO - US,Direct Drop,EXW,Ocean,3-Jul-15,3-Jul-15,ARV,Adult,MYLAN LABORATORIES LTD (FORMERLY MATRIX LABORATORIES),SKU0113,"Efavirenz/Lamivudine/Tenofovir Disoproxil Fumarate 600/300/300mg, tablets, 30 Tabs",Generic,30,65025,665856,10.24,0.34,Mylan (formerly Matrix) Nashik,See ASN-31820 (ID#:16098),See ASN-31820 (ID#:16098),684.5
75581,Vietnam,PMO - US,Direct Drop,EXW,Air,3-Aug-10,3-Aug-10,ARV,Adult,STRIDES ARCOLAB LIMITED,SKU0003,"Lamivudine 150mg, tablets, 60 Tabs",Generic,60,8738,20534.3,2.35,0.04,"Strides, Bangalore, India.",420,6683.69,44.27
75595,Haiti,PMO - US,Direct Drop,EXW,Air,23-Jan-12,23-Jan-12,MRDT,Malaria,"Standard Diagnostics, Inc.",SKU0178,"Malaria Antigen P.f , HRP2, Kit, 25 Tests",Generic,25,4,45,11.25,0.45,"Standard Diagnostics, Korea",2,702.42,0.06
75623,Sudan,PMO - US,Direct Drop,EXW,Air,28-May-10,28-May-10,HRDT,HIV test,"Trinity Biotech, Plc",SKU0009,"HIV 1/2, Uni-Gold HIV Kit, 20 Tests",Uni-Gold,20,750,24000,32,1.6,"Trinity Biotech, Plc",253,2849.79,51.74
75641,Tanzania,PMO - US,Direct Drop,EXW,Air,9-Oct-12,9-Oct-12,ARV,Adult,Aurobindo Pharma Limited,SKU0026,"Efavirenz 600mg, tablets, 30 Tabs",Generic,30,60757,200498.1,3.3,0.11,"Aurobindo Unit III, India",5215,20136.28,281.1
75671,Haiti,PMO - US,Direct Drop,EXW,Ocean,9-May-14,9-May-14,ARV,Pediatric,Aurobindo Pharma Limited,SKU0049,"Efavirenz 50mg, capsule, 30 Caps",Generic,30,2688,4193.28,1.56,0.05,"Aurobindo Unit III, India",154,2520.54,5.19
75682,Uganda,PMO - US,Direct Drop,DDP,Air,18-May-12,18-May-12,ARV,Adult,ASPEN PHARMACARE,SKU0139,"Darunavir 300mg [Prezista], tablets, 120 Tabs",Prezista,120,252,16783.2,66.6,0.55,"Aspen-OSD, Port Elizabeth, SA",See ASN-14880 (ID#:25423),See ASN-14880 (ID#:25423),23.53
75703,Tanzania,PMO - US,Direct Drop,EXW,Air,23-Feb-15,23-Feb-15,HRDT,HIV test,"Trinity Biotech, Plc",SKU0009,"HIV 1/2, Uni-Gold HIV Kit, 20 Tests",Uni-Gold,20,168,5376,32,1.6,"Trinity Biotech, Plc",55,1112.11,5.53
75706,Ghana,PMO - US,Direct Drop,FCA,Air,7-Aug-14,7-Aug-14,ARV,Pediatric,ABBVIE LOGISTICS (FORMERLY ABBOTT LOGISTICS BV),SKU0045,"Lopinavir/Ritonavir 100/25mg [Aluvia], tablets, 60 Tabs",Generic,60,934,5547.96,5.94,0.1,ABBVIE Ludwigshafen Germany,110,2060.79,5.7
75717,Haiti,PMO - US,Direct Drop,DDU,Air,6-Mar-12,6-Mar-12,HRDT,HIV test,REINBOLD EXPORT IMPORT,SKU0002,"HIV 1/2, Determine Complete HIV Kit, 100 Tests",Determine,100,21,2625,125,1.25,Inverness Japan,Weight Captured Separately,Freight Included in Commodity Cost,3.68
75729,Nigeria,PMO - US,Direct Drop,EXW,Air,7-Jul-11,7-Jul-11,HRDT,HIV test,"Orgenics, Ltd",SKU0002,"HIV 1/2, Determine Complete HIV Kit, 100 Tests",Determine,100,2891,257299,89,0.89,Inverness Japan,1378,31201.82,424.54
75733,South Sudan,PMO - US,Direct Drop,EXW,Air,11-Dec-14,11-Dec-14,ARV,Pediatric,CIPLA LIMITED,SKU0124,"Lamivudine/Zidovudine 30/60mg, dispersible tablets, 60 Tabs",Generic,60,635,1206.5,1.9,0.03,"Cipla, Goa, India",59,1944.99,1.24
75751,Vietnam,PMO - US,Direct Drop,EXW,Air,7-Dec-10,7-Dec-10,ARV,Adult,Aurobindo Pharma Limited,SKU0014,"Zidovudine 300mg, tablets, 60 Tabs",Generic,60,336,2436,7.25,0.12,"Aurobindo Unit III, India",19,8495.83,5.25
75799,Ghana,PMO - US,Direct Drop,EXW,Air,24-Jul-14,24-Jul-14,ARV,Adult,Aurobindo Pharma Limited,SKU0135,"Lopinavir/Ritonavir 200/50mg, tablets, 120 Tabs",Generic,120,3393,73967.4,21.8,0.18,"Aurobindo Unit III, India",915,6006.37,76.04
75810,Côte d'Ivoire,PMO - US,Direct Drop,EXW,Air,22-May-12,22-May-12,ARV,Adult,MYLAN LABORATORIES LTD (FORMERLY MATRIX LABORATORIES),SKU0119,"Atazanavir/Ritonavir 300/100mg, tablets, 30 Tabs",Generic,30,1800,45000,25,0.83,Mylan (formerly Matrix) Nashik,225,3109.21,63.09
75848,South Africa,PMO - US,Direct Drop,DDP,Truck,7-Feb-14,7-Feb-14,ARV,Pediatric,S. BUYS WHOLESALER,SKU0130,"Lamivudine 10mg/ml, oral solution w/syringe, Bottle, 240 ml",Generic,240,12,94.68,7.89,0.03,"Aurobindo Unit III, India",Weight Captured Separately,Freight Included in Commodity Cost,0.12
75879,Tanzania,PMO - US,Direct Drop,EXW,Air,29-Sep-11,30-Sep-11,HRDT,HIV test,"Standard Diagnostics, Inc.",SKU0019,"HIV 1/2, Bioline 3.0 Kit, Lancets, Capillary pipets, Alcohol swabs included, 25 Tests",Bioline,25,10000,200000,20,0.8,"Standard Diagnostics, Korea",3334,45032.55,330
75882,Zimbabwe,PMO - US,Direct Drop,EXW,Air,14-Jun-14,14-Jun-14,ARV,Adult,Aurobindo Pharma Limited,SKU0107,"Lamivudine/Tenofovir Disoproxil Fumarate 300/300mg, tablets, 30 Tabs",Generic,30,33439,155491.35,4.65,0.16,"Aurobindo Unit VII, IN",3232,25955.06,159.85
75912,Dominican Republic,PMO - US,Direct Drop,EXW,Truck,22-Oct-10,22-Oct-10,ARV,Adult,"ABBVIE, SRL (FORMALLY ABBOTT LABORATORIES INTERNATIONAL CO.)",SKU0153,"Ritonavir 100mg [Norvir], capsules, cool, 2 x 84 Caps",Norvir,168,2,288,144,0.86,ABBVIE (Abbott) St. P'burg USA,Weight Captured Separately,Invoiced Separately,0.62
75913,South Africa,PMO - US,Direct Drop,DDP,Truck,27-Aug-14,27-Aug-14,ARV,Adult,S. BUYS WHOLESALER,SKU0014,"Zidovudine 300mg, tablets, 60 Tabs",Generic,60,19,528.69,27.83,0.46,"Aurobindo Unit III, India",Weight Captured Separately,Freight Included in Commodity Cost,0.65
75925,Cameroon,PMO - US,Direct Drop,EXW,Air,9-Nov-13,9-Nov-13,ARV,Adult,HETERO LABS LIMITED,SKU0113,"Efavirenz/Lamivudine/Tenofovir Disoproxil Fumarate 600/300/300mg, tablets, 30 Tabs",Generic,30,82471,865945.5,10.5,0.35,Hetero Unit III Hyderabad IN,11615,102199.13,1071.17
75970,South Sudan,PMO - US,Direct Drop,EXW,Air,3-Jun-15,3-Jun-15,HRDT,HIV test - Ancillary,"Orgenics, Ltd",SKU0084,"Capillary Tubes, for Determine, EDTA, 50uL,100 Pcs",Determine,100,15,120,8,0.08,"Alere Medical Co., Ltd.",See ASN-31335 (ID#:42778),See ASN-31335 (ID#:42778),0.14
75980,Kenya,PMO - US,Direct Drop,EXW,Air,16-Feb-10,16-Feb-10,HRDT,HIV test,"Orgenics, Ltd",SKU0002,"HIV 1/2, Determine Complete HIV Kit, 100 Tests",Determine,100,8500,680000,80,0.8,Inverness Japan,1462,14419.86,1466.08
76004,South Sudan,PMO - US,Direct Drop,EXW,Air,29-Sep-14,29-Sep-14,HRDT,HIV test,"Trinity Biotech, Plc",SKU0009,"HIV 1/2, Uni-Gold HIV Kit, 20 Tests",Uni-Gold,20,18,576,32,1.6,"Trinity Biotech, Plc",See ASN-27241 (ID#:23488),See ASN-27241 (ID#:23488),0.59
76063,Haiti,PMO - US,Direct Drop,EXW,Air,14-Aug-13,14-Aug-13,ARV,Pediatric,MYLAN LABORATORIES LTD (FORMERLY MATRIX LABORATORIES),SKU0131,"Lamivudine/Zidovudine 30/60mg, tablets, 60 Tabs",Generic,60,3192,6703.2,2.1,0.04,Mylan (formerly Matrix) Nashik,157,2010.69,8.29
76069,"Congo, DRC",PMO - US,Direct Drop,EXW,Air,4-Nov-13,4-Nov-13,HRDT,HIV test,"Trinity Biotech, Plc",SKU0009,"HIV 1/2, Uni-Gold HIV Kit, 20 Tests",Uni-Gold,20,469,15008,32,1.6,"Trinity Biotech, Plc",170,3125.65,18.56
76071,Mozambique,PMO - US,Direct Drop,EXW,Air,1-Dec-09,1-Dec-09,HRDT,HIV test,"Orgenics, Ltd",SKU0002,"HIV 1/2, Determine Complete HIV Kit, 100 Tests",Determine,100,3300,237600,72,0.72,Inverness Japan,1593,29373.14,465.7
76073,South Africa,PMO - US,Direct Drop,DDP,Truck,25-Jun-14,25-Jun-14,ARV,Adult,PHARMACY DIRECT,SKU0014,"Zidovudine 300mg, tablets, 60 Tabs",Generic,60,13,324.4,24.95,0.42,"Aurobindo Unit III, India",Weight Captured Separately,Freight Included in Commodity Cost,0.33
76087,Dominican Republic,PMO - US,Direct Drop,EXW,Air,18-Dec-10,18-Dec-10,ARV,Adult,Aurobindo Pharma Limited,SKU0069,"Didanosine 250mg, delayed-release capsules, 30 Caps",Generic,30,1000,13000,13,0.43,"Aurobindo Unit III, India",68,1001.12,28.03
76097,Vietnam,PMO - US,Direct Drop,EXW,Air,3-Dec-09,3-Dec-09,ARV,Adult,Aurobindo Pharma Limited,SKU0004,"Stavudine 30mg, capsules, 60 Caps",Generic,60,13020,18879,1.45,0.02,"Aurobindo Unit III, India",861,1872.53,37
76112,Rwanda,PMO - US,Direct Drop,CIP,Air,1-Jun-10,1-Jun-10,ARV,Adult,MYLAN LABORATORIES LTD (FORMERLY MATRIX LABORATORIES),SKU0107,"Lamivudine/Tenofovir Disoproxil Fumarate 300/300mg, tablets, 30 Tabs",Generic,30,20700,226665,10.95,0.36,Mylan (formerly Matrix) Nashik,1795,21340.35,444.26
76113,Mozambique,PMO - US,Direct Drop,EXW,Air,2-May-14,2-May-14,ARV,Adult,HETERO LABS LIMITED,SKU0054,"Lamivudine/Nevirapine/Zidovudine 150/200/300mg, tablets, 60 Tabs",Generic,60,33792,274053.12,8.11,0.14,Hetero Unit III Hyderabad IN,4610,16835.52,281.73
76135,Vietnam,PMO - US,Direct Drop,EXW,Air,26-Sep-11,26-Sep-11,ARV,Adult,HETERO LABS LIMITED,SKU0044,"Lamivudine/Nevirapine/Stavudine 150/200/30mg, tablets, 60 Tabs",Generic,60,37075,177960,4.8,0.08,Hetero Unit III Hyderabad IN,See ASN-11955 (ID#:61190),See ASN-11955 (ID#:61190),293.63
76136,Zambia,PMO - US,Direct Drop,EXW,Air,11-Mar-15,11-Mar-15,HRDT,HIV test,"Orgenics, Ltd",SKU0002,"HIV 1/2, Determine Complete HIV Kit, 100 Tests",Determine,100,6322,505760,80,0.8,"Alere Medical Co., Ltd.",2564,37444.1,519.92
76142,Tanzania,PMO - US,Direct Drop,FCA,Air,6-Jun-13,6-Jun-13,ARV,Pediatric,ABBVIE LOGISTICS (FORMERLY ABBOTT LOGISTICS BV),SKU0042,"Lopinavir/Ritonavir 80/20mg/ml [Kaletra], oral solution, cool, Bottle 5 x 60 ml",Kaletra,300,237,7304.34,30.82,0.1,ABBVIE (Abbott) Logis. UK,244,3269.9,9.04
76144,Mozambique,PMO - US,Direct Drop,EXW,Air,10-Feb-15,10-Feb-15,HRDT,HIV test,"Orgenics, Ltd",SKU0122,"HIV 1/2, Determine Kit without Lancets, Buffer or Caplillary Tubes, 100 Tests",Determine,100,18,1298.7,72.15,0.72,"Alere Medical Co., Ltd.",See ASN-30261 (ID#:19627),See ASN-30261 (ID#:19627),1.53
76180,Zambia,PMO - US,Direct Drop,EXW,Air,19-Oct-12,19-Oct-12,HRDT,HIV test,"Orgenics, Ltd",SKU0002,"HIV 1/2, Determine Complete HIV Kit, 100 Tests",Determine,100,4004,320320,80,0.8,"Alere Medical Co., Ltd.",1907,34940.02,449.09
76189,South Africa,PMO - US,Direct Drop,DDP,Air,15-Dec-10,15-Dec-10,ARV,Adult,Aurobindo Pharma Limited,SKU0014,"Zidovudine 300mg, tablets, 60 Tabs",Generic,60,75048,557606.64,7.43,0.12,"Aurobindo Unit III, India",4023,3315.23,1202.2
76197,South Sudan,PMO - US,Direct Drop,EXW,Air,11-Feb-14,11-Feb-14,HRDT,HIV test,"Trinity Biotech, Plc",SKU0009,"HIV 1/2, Uni-Gold HIV Kit, 20 Tests",Uni-Gold,20,450,14400,32,1.6,"Trinity Biotech, Plc",See ASN-22955 (ID#:19019),See ASN-22955 (ID#:19019),17.81
76217,Mozambique,PMO - US,Direct Drop,EXW,Air,20-Mar-13,1-Apr-13,HRDT,HIV test,"Orgenics, Ltd",SKU0002,"HIV 1/2, Determine Complete HIV Kit, 100 Tests",Determine,100,2863,229040,80,0.8,"Alere Medical Co., Ltd.",1298,13146.21,283.32
76226,Haiti,PMO - US,Direct Drop,EXW,Ocean,2-Sep-13,2-Sep-13,ARV,Adult,HETERO LABS LIMITED,SKU0113,"Efavirenz/Lamivudine/Tenofovir Disoproxil Fumarate 600/300/300mg, tablets, 30 Tabs",Generic,30,48150,505575,10.5,0.35,Hetero Unit III Hyderabad IN,See ASN-20026 (ID#:64635),See ASN-20026 (ID#:64635),625.4
76227,South Sudan,PMO - US,Direct Drop,EXW,Air,3-Jun-15,3-Jun-15,HRDT,HIV test,"Orgenics, Ltd",SKU0002,"HIV 1/2, Determine Complete HIV Kit, 100 Tests",Determine,100,200,17800,89,0.89,"Alere Medical Co., Ltd.",See ASN-31338 (ID#:38992),See ASN-31338 (ID#:38992),20.95
76263,South Africa,PMO - US,Direct Drop,DDP,Truck,29-Aug-14,29-Aug-14,ARV,Pediatric,S. BUYS WHOLESALER,SKU0045,"Lopinavir/Ritonavir 100/25mg [Aluvia], tablets, 60 Tabs",Generic,60,3,19.32,6.44,0.11,ABBVIE Ludwigshafen Germany,Weight Captured Separately,Freight Included in Commodity Cost,0.02
76270,Rwanda,PMO - US,Direct Drop,EXW,Air,4-Nov-11,4-Nov-11,HRDT,HIV test,"Orgenics, Ltd",SKU0017,"HIV 1/2, Determine HIV Kit, without Lancets, 100 Tests",Determine,100,2530,196581,77.7,0.78,Inverness Japan,575,26849.57,324.36
76298,Kenya,PMO - US,Direct Drop,CIP,Air,28-Feb-13,28-Feb-13,HRDT,HIV test,"Orgenics, Ltd",SKU0002,"HIV 1/2, Determine Complete HIV Kit, 100 Tests",Determine,100,6152,547528,89,0.89,"Alere Medical Co., Ltd.",1059,91.67,767.63
76318,Vietnam,PMO - US,Direct Drop,EXW,Air,13-Dec-13,13-Dec-13,ARV,Adult,MICRO LABS LIMITED,SKU0003,"Lamivudine 150mg, tablets, 60 Tabs",Generic,60,6493,11492.61,1.77,0.03,"Micro labs, Verna, Goa, India",301,1457.92,14.22
76319,South Africa,PMO - US,Direct Drop,DDP,Truck,3-Oct-14,3-Oct-14,ARV,Adult,PHARMACY DIRECT,SKU0134,"Didanosine 400mg, delayed-release capsules, 30 Caps",Generic,30,4,78.7,19.68,0.66,"Aurobindo Unit III, India",Weight Captured Separately,Freight Included in Commodity Cost,0.08
76321,Vietnam,PMO - US,Direct Drop,EXW,Air,22-Jun-11,22-Jun-11,ARV,Adult,MYLAN LABORATORIES LTD (FORMERLY MATRIX LABORATORIES),SKU0058,"Abacavir 300mg, tablets, 60 Tabs",Generic,60,336,5040,15,0.25,Mylan (formerly Matrix) Nashik,See ASN-11024 (ID#:15149),See ASN-11024 (ID#:15149),8.32
76325,Tanzania,PMO - US,Direct Drop,CIP,Air,11-Aug-09,11-Aug-09,ARV,Adult,BRISTOL-MYERS SQUIBB,SKU0031,"Didanosine EC 250mg [Videx EC], delayed-release capsules, Blister 3 x 10 Caps",Videx EC,30,7000,128380,18.34,0.61,"BMS Meymac, France",See ASN-4489 (ID#:43989),See ASN-4489 (ID#:43989),251.62
76327,Vietnam,PMO - US,Direct Drop,EXW,Air,10-Jul-15,10-Jul-15,ARV,Adult,HETERO LABS LIMITED,SKU0003,"Lamivudine 150mg, tablets, 60 Tabs",Generic,60,17600,31680,1.8,0.03,Hetero Unit III Hyderabad IN,See ASN-32265 (ID#:56716),See ASN-32265 (ID#:56716),37.29
76340,Côte d'Ivoire,PMO - US,Direct Drop,EXW,Air,26-Jan-10,26-Jan-10,HRDT,HIV test,BIO-RAD LABORATORIES (FRANCE),SKU0025,"#108853** HIV, Genie II HIV-1/HIV-2 Kit, 40 Tests",Genie,40,2400,264000,110,2.75,Bio-Rad Laboratories,2635,19145.8,569.18
76374,Rwanda,PMO - US,Direct Drop,EXW,Air,14-Dec-13,14-Dec-13,HRDT,HIV test,"SHANGHAI KEHUA BIOENGINEERING CO.,LTD.  (KHB)",SKU0063,"HIV 1/2, SKB Colloidal Gold, Diagnostic Kit, Antibody, 50 Tests",Colloidal Gold,1,20481,501784.5,24.5,24.5,"KHB Test Kit Facility, Shanghai China",13656,139951.34,620.71
76409,Haiti,PMO - US,Direct Drop,EXW,Ocean,7-Aug-13,7-Aug-13,ARV,Adult,Aurobindo Pharma Limited,SKU0011,"Lamivudine/Zidovudine 150/300mg, tablets, 60 Tabs",Generic,60,52080,356748,6.85,0.11,"Aurobindo Unit III, India",See ASN-18919 (ID#:14578),See ASN-18919 (ID#:14578),441.3
76442,"Congo, DRC",PMO - US,Direct Drop,EXW,Air,12-Jun-13,12-Jun-13,HRDT,HIV test,"Trinity Biotech, Plc",SKU0009,"HIV 1/2, Uni-Gold HIV Kit, 20 Tests",Uni-Gold,20,185,5920,32,1.6,"Trinity Biotech, Plc",64,1592.72,7.32
76459,South Africa,PMO - US,Direct Drop,DDP,Ocean,26-Apr-11,26-May-11,ARV,Adult,Aurobindo Pharma Limited,SKU0026,"Efavirenz 600mg, tablets, 30 Tabs",Generic,30,96721,438146.13,4.53,0.15,"Aurobindo Unit III, India",Weight Captured Separately,Freight Included in Commodity Cost,944.64
76483,Sudan,PMO - US,Direct Drop,EXW,Air,10-Feb-11,10-Feb-11,HRDT,HIV test,"Orgenics, Ltd",SKU0002,"HIV 1/2, Determine Complete HIV Kit, 100 Tests",Determine,100,130,11570,89,0.89,Inverness Japan,60,2084.49,24.94
76496,South Africa,PMO - US,Direct Drop,DDP,Truck,24-Aug-15,24-Aug-15,ARV,Pediatric,PHARMACY DIRECT,SKU0048,"Lamivudine 10mg/ml, oral solution, Bottle, 240 ml",Generic,240,17,91.92,5.41,0.02,"Aurobindo Unit III, India",Weight Captured Separately,Freight Included in Commodity Cost,0.09
76505,Haiti,PMO - US,Direct Drop,EXW,Ocean,20-Oct-14,20-Oct-14,ARV,Adult,MICRO LABS LIMITED,SKU0026,"Efavirenz 600mg, tablets, 30 Tabs",Generic,30,3260,9714.8,2.98,0.1,"Micro labs, Verna, Goa, India",Weight Captured Separately,Invoiced Separately,9.99
76517,Vietnam,PMO - US,Direct Drop,EXW,Air,24-Aug-11,24-Aug-11,ARV,Adult,MYLAN LABORATORIES LTD (FORMERLY MATRIX LABORATORIES),SKU0054,"Lamivudine/Nevirapine/Zidovudine 150/200/300mg, tablets, 60 Tabs",Generic,60,42000,461580,10.99,0.18,Mylan (formerly Matrix) Nashik,5941,19632.73,761.61
76541,Dominican Republic,PMO - US,Direct Drop,EXW,Air,11-Apr-14,11-Apr-14,HRDT,HIV test,"Trinity Biotech, Plc",SKU0009,"HIV 1/2, Uni-Gold HIV Kit, 20 Tests",Uni-Gold,20,500,16000,32,1.6,"Trinity Biotech, Plc",146,790.78,16.45
76551,South Africa,PMO - US,Direct Drop,DDP,Truck,29-Dec-09,29-Dec-09,ARV,Pediatric,S. BUYS WHOLESALER,SKU0035,"Nevirapine 10mg/ml [Viramune], oral suspension, Bottle, 240 ml",Viramune,240,60,927.34,15.46,0.06,Boehringer Ingelheim Roxane US,Weight Captured Separately,Freight Included in Commodity Cost,2
76559,Vietnam,PMO - US,Direct Drop,EXW,Air,1-Feb-13,1-Feb-13,ARV,Pediatric,MYLAN LABORATORIES LTD (FORMERLY MATRIX LABORATORIES),SKU0131,"Lamivudine/Zidovudine 30/60mg, tablets, 60 Tabs",Generic,60,1966,4423.5,2.25,0.04,Mylan (formerly Matrix) Nashik,91,1143.04,6.2
76578,South Africa,PMO - US,Direct Drop,DDP,Truck,3-Oct-14,3-Oct-14,ARV,Adult,PHARMACY DIRECT,SKU0129,"Raltegravir 400mg [Isentress], tablets, 60 Tabs",Isentress,60,48,4062.91,84.64,1.41,"MSD, Haarlem, NL",Weight Captured Separately,Freight Included in Commodity Cost,4.18
76586,Nigeria,PMO - US,Direct Drop,EXW,Air,24-Oct-13,24-Oct-13,HRDT,HIV test,"Trinity Biotech, Plc",SKU0009,"HIV 1/2, Uni-Gold HIV Kit, 20 Tests",Uni-Gold,20,6355,203360,32,1.6,"Trinity Biotech, Plc",290,15450.88,251.56
76603,South Africa,PMO - US,Direct Drop,DDP,Truck,29-Aug-14,29-Aug-14,ARV,Adult,S. BUYS WHOLESALER,SKU0014,"Zidovudine 300mg, tablets, 60 Tabs",Generic,60,7,189.78,27.11,0.45,Mylan (formerly Matrix) Nashik,Weight Captured Separately,Freight Included in Commodity Cost,0.23
76619,Namibia,PMO - US,Direct Drop,EXW,Air,20-Apr-10,20-Apr-10,HRDT,HIV test,"Orgenics, Ltd",SKU0017,"HIV 1/2, Determine HIV Kit, without Lancets, 100 Tests",Determine,100,500,35000,70,0.7,Inverness Japan,115,1498.16,75.46
76638,South Africa,PMO - US,Direct Drop,DDP,Truck,29-Aug-14,29-Aug-14,ARV,Adult,S. BUYS WHOLESALER,SKU0008,"Lopinavir/Ritonavir 200/50mg [Aluvia], tablets, 120 Tabs",Aluvia,120,122,3142.69,25.76,0.21,ABBVIE Ludwigshafen Germany,Weight Captured Separately,Freight Included in Commodity Cost,3.89
76712,Uganda,PMO - US,Direct Drop,FCA,Air,19-Dec-09,19-Dec-09,ARV,Adult,ABBVIE LOGISTICS (FORMERLY ABBOTT LOGISTICS BV),SKU0008,"Lopinavir/Ritonavir 200/50mg [Aluvia], tablets, 120 Tabs",Aluvia,120,110,3977.6,36.16,0.3,ABBVIE Ludwigshafen Germany,33,995.22,7.8
76766,Zambia,PMO - US,Direct Drop,EXW,Air,6-Aug-15,6-Aug-15,HRDT,HIV test,"Orgenics, Ltd",SKU0002,"HIV 1/2, Determine Complete HIV Kit, 100 Tests",Determine,100,530,42400,80,0.8,"Alere Medical Co., Ltd.",Weight Captured Separately,Invoiced Separately,49.9
76772,South Africa,PMO - US,Direct Drop,DDP,Truck,6-Feb-14,6-Feb-14,ARV,Adult,S. BUYS WHOLESALER,SKU0061,"Lamivudine 150mg [Epivir], tablets, 60 Tabs",Epivir,60,1281,14728.5,11.5,0.19,GSK Cape Town Factory (South Africa),Weight Captured Separately,Freight Included in Commodity Cost,18.22
76799,Vietnam,PMO - US,Direct Drop,FCA,Air,11-Sep-09,11-Sep-09,ARV,Adult,ABBVIE LOGISTICS (FORMERLY ABBOTT LOGISTICS BV),SKU0008,"Lopinavir/Ritonavir 200/50mg [Aluvia], tablets, 120 Tabs",Aluvia,120,760,62472,82.2,0.68,ABBVIE Ludwigshafen Germany,188,1088.79,122.45
76809,Nigeria,PMO - US,Direct Drop,EXW,Air,19-Dec-11,19-Dec-11,HRDT,HIV test,"Orgenics, Ltd",SKU0002,"HIV 1/2, Determine Complete HIV Kit, 100 Tests",Determine,100,2890,257210,89,0.89,"Alere Medical Co., Ltd.",1377,32575.03,424.4
76813,Haiti,PMO - US,Direct Drop,FCA,Air,21-Dec-09,21-Dec-09,ARV,Pediatric,ABBVIE LOGISTICS (FORMERLY ABBOTT LOGISTICS BV),SKU0045,"Lopinavir/Ritonavir 100/25mg [Aluvia], tablets, 60 Tabs",Generic,60,45,406.8,9.04,0.15,ABBVIE Ludwigshafen Germany,13,928.11,0.8
76827,Liberia,PMO - US,Direct Drop,EXW,Air,2-Sep-11,2-Sep-11,HRDT,HIV test,"Trinity Biotech, Plc",SKU0009,"HIV 1/2, Uni-Gold HIV Kit, 20 Tests",Uni-Gold,20,50,1600,32,1.6,"Trinity Biotech, Plc",17,515.11,2.64
76828,South Africa,PMO - US,Direct Drop,DDP,Truck,3-Oct-14,3-Oct-14,ARV,Adult,PHARMACY DIRECT,SKU0105,"Emtricitabine/Tenofovir Disoproxil Fumarate 200/300mg, tablets, 30 Tabs",Generic,30,8,241.69,30.21,1.01,"Aurobindo Unit III, India",Weight Captured Separately,Freight Included in Commodity Cost,0.25
76833,Tanzania,PMO - US,Direct Drop,EXW,Air,7-Mar-12,7-Mar-12,HRDT,HIV test,"Orgenics, Ltd",SKU0002,"HIV 1/2, Determine Complete HIV Kit, 100 Tests",Determine,100,2072,165760,80,0.8,"Alere Medical Co., Ltd.",989,17512.52,232.4
76840,South Africa,PMO - US,Direct Drop,DDP,Ocean,31-May-11,13-Jun-11,ARV,Adult,Aurobindo Pharma Limited,SKU0029,"Tenofovir Disoproxil Fumarate 300mg, tablets, 30 Tabs",Generic,30,77473,515195.45,6.65,0.22,"Aurobindo Unit III, India",7228,8809.08,850.07
76855,South Africa,PMO - US,Direct Drop,DDP,Truck,12-May-10,12-May-10,ARV,Pediatric,S. BUYS WHOLESALER,SKU0020,"Zidovudine 10mg/ml [Retrovir], oral solution, Bottle, 200 ml",Retrovir,200,100,698.98,6.99,0.03,GSK Mississauga (Canada),Weight Captured Separately,Freight Included in Commodity Cost,1.51
76881,Cameroon,PMO - US,Direct Drop,EXW,Air,17-Jun-15,17-Jun-15,ARV,Pediatric,Aurobindo Pharma Limited,SKU0120,"Nevirapine 50mg, dispersible tablets (tablets for oral suspension), 30 Tabs",Generic,30,4416,5520,1.25,0.04,"Aurobindo Unit III, India",Weight Captured Separately,Invoiced Separately,6.5
76914,Côte d'Ivoire,PMO - US,Direct Drop,EXW,Air,10-Apr-12,10-Apr-12,HRDT,HIV test,"CHEMBIO DIAGNOSTIC SYSTEMS, INC.",SKU0016,"HIV 1/2, Stat-Pak HIV, Kit, 20 Tests",Stat-Pak,20,1593,46197,29,1.45,Chembio Diagnostics Sys. Inc.,624,6311.89,64.77
76917,"Congo, DRC",PMO - US,Direct Drop,EXW,Air,29-Sep-14,29-Sep-14,ARV,Adult,CIPLA LIMITED,SKU0054,"Lamivudine/Nevirapine/Zidovudine 150/200/300mg, tablets, 60 Tabs",Generic,60,10000,81000,8.1,0.13,"Cipla, Goa, India",1463,12498.65,83.27
76938,South Africa,PMO - US,Direct Drop,DDP,Ocean,6-Jan-11,27-Jan-11,ARV,Adult,Aurobindo Pharma Limited,SKU0029,"Tenofovir Disoproxil Fumarate 300mg, tablets, 30 Tabs",Generic,30,58143,386650.95,6.65,0.22,"Aurobindo Unit III, India",5427,7905.96,833.62
77038,Swaziland,PMO - US,Direct Drop,EXW,Air,9-Aug-11,9-Aug-11,HRDT,HIV test,"Trinity Biotech, Plc",SKU0009,"HIV 1/2, Uni-Gold HIV Kit, 20 Tests",Uni-Gold,20,1270,40640,32,1.6,"Trinity Biotech, Plc",429,4726.15,67.06
77044,South Africa,PMO - US,Direct Drop,DDP,Truck,12-Feb-15,12-Feb-15,ARV,Adult,PHARMACY DIRECT,SKU0058,"Abacavir 300mg, tablets, 60 Tabs",Generic,60,50,2492.63,49.85,0.83,"Aurobindo Unit III, India",Weight Captured Separately,Freight Included in Commodity Cost,2.56
77737,Rwanda,PMO - US,Direct Drop,EXW,Air,25-Feb-12,25-Feb-12,HRDT,HIV test,"Trinity Biotech, Plc",SKU0009,"HIV 1/2, Uni-Gold HIV Kit, 20 Tests",Uni-Gold,20,1460,46720,32,1.6,"Trinity Biotech, Plc",613,5405.42,65.5
77068,South Africa,PMO - US,Direct Drop,DDP,Truck,28-Apr-15,28-Apr-15,ARV,Adult,PHARMACY DIRECT,SKU0011,"Lamivudine/Zidovudine 150/300mg, tablets, 60 Tabs",Generic,60,7,218.34,31.19,0.52,"Aurobindo Unit III, India",Weight Captured Separately,Freight Included in Commodity Cost,0.22
77070,South Africa,PMO - US,Direct Drop,DDP,Truck,5-Aug-14,5-Aug-14,ARV,Adult,PHARMACY DIRECT,SKU0129,"Raltegravir 400mg [Isentress], tablets, 60 Tabs",Isentress,60,6,479.95,79.99,1.33,"MSD, Haarlem, NL",Weight Captured Separately,Freight Included in Commodity Cost,0.49
77082,Haiti,PMO - US,Direct Drop,EXW,Air,6-Nov-14,6-Nov-14,HRDT,HIV test,"Orgenics, Ltd",SKU0002,"HIV 1/2, Determine Complete HIV Kit, 100 Tests",Determine,100,4000,400000,100,1,"Alere Medical Co., Ltd.",1624,14758.34,411.2
77712,Tanzania,PMO - US,Direct Drop,EXW,Air,14-Apr-11,14-Apr-11,HRDT,HIV test,"Orgenics, Ltd",SKU0002,"HIV 1/2, Determine Complete HIV Kit, 100 Tests",Determine,100,30,2400,80,0.8,Inverness Japan,14,1489.33,3.96
77090,South Sudan,PMO - US,Direct Drop,EXW,Air,2-Jul-15,7-Jul-15,HRDT,HIV test,"Orgenics, Ltd",SKU0002,"HIV 1/2, Determine Complete HIV Kit, 100 Tests",Determine,100,90,8010,89,0.89,"Alere Medical Co., Ltd.",See ASN-32109 (ID#:25915),See ASN-32109 (ID#:25915),9.43
77092,South Africa,South Africa Field Office,Direct Drop,DDP,Truck,12-Apr-13,12-Apr-13,ARV,Pediatric,S. BUYS WHOLESALER,SKU0042,"Lopinavir/Ritonavir 80/20mg/ml [Kaletra], oral solution, cool, Bottle 5 x 60 ml",Kaletra,300,2,49.99,25,0.08,ABBVIE (Abbott) Logis. UK,Weight Captured Separately,Freight Included in Commodity Cost,0.06
77103,South Africa,PMO - US,Direct Drop,DDP,Ocean,2-Sep-11,2-Sep-11,ARV,Adult,Aurobindo Pharma Limited,SKU0014,"Zidovudine 300mg, tablets, 60 Tabs",Generic,60,33207,242411.1,7.3,0.12,"Aurobindo Unit III, India",1720,3787.71,399.98
77113,Côte d'Ivoire,PMO - US,Direct Drop,EXW,Air,9-Apr-15,9-Apr-15,HRDT,HIV test,"CHEMBIO DIAGNOSTIC SYSTEMS, INC.",SKU0016,"HIV 1/2, Stat-Pak HIV, Kit, 20 Tests",Stat-Pak,20,1230,38130,31,1.55,Chembio Diagnostics Sys. Inc.,357,5640.23,44.88
77136,Tanzania,PMO - US,Direct Drop,FCA,Air,1-Aug-13,1-Aug-13,ARV,Pediatric,ABBVIE LOGISTICS (FORMERLY ABBOTT LOGISTICS BV),SKU0042,"Lopinavir/Ritonavir 80/20mg/ml [Kaletra], oral solution, cool, Bottle 5 x 60 ml",Kaletra,300,435,13406.7,30.82,0.1,ABBVIE (Abbott) Logis. UK,470,4267.13,16.58
77138,South Africa,PMO - US,Direct Drop,DDP,Truck,27-Oct-09,27-Oct-09,ARV,Adult,S. BUYS WHOLESALER,SKU0026,"Efavirenz 600mg, tablets, 30 Tabs",Generic,30,1000,16453.48,16.45,0.55,"Aurobindo Unit III, India",Weight Captured Separately,Freight Included in Commodity Cost,32.25
77152,Vietnam,PMO - US,Direct Drop,EXW,Air,22-Jul-10,22-Jul-10,ARV,Adult,MYLAN LABORATORIES LTD (FORMERLY MATRIX LABORATORIES),SKU0026,"Efavirenz 600mg, tablets, 30 Tabs",Generic,30,31579,135789.7,4.3,0.14,Mylan (formerly Matrix) Nashik,2585,11617.57,292.76
77181,Uganda,PMO - US,Direct Drop,EXW,Air,5-Mar-13,5-Mar-13,ARV,Pediatric,Aurobindo Pharma Limited,SKU0049,"Efavirenz 50mg, capsule, 30 Caps",Generic,30,196,439.04,2.24,0.07,"Aurobindo Unit III, India",12,917.35,0.54
77268,Ethiopia,PMO - US,Direct Drop,EXW,Air,8-May-12,8-May-12,HRDT,HIV test,"CHEMBIO DIAGNOSTIC SYSTEMS, INC.",SKU0016,"HIV 1/2, Stat-Pak HIV, Kit, 20 Tests",Stat-Pak,20,340,9860,29,1.45,Chembio Diagnostics Sys. Inc.,Weight Captured Separately,Invoiced Separately,13.82
77293,South Africa,PMO - US,Direct Drop,DDP,Air,9-Jun-10,9-Jun-10,ARV,Pediatric,Aurobindo Pharma Limited,SKU0126,"Nevirapine 10mg/ml, oral suspension w/syringe, Bottle, 240 ml",Generic,240,10000,31500,3.15,0.01,"Aurobindo Unit III, India",3869,4088.43,67.91
77296,Rwanda,PMO - US,Direct Drop,CIP,Air,29-Apr-10,29-Apr-10,ARV,Adult,Aurobindo Pharma Limited,SKU0135,"Lopinavir/Ritonavir 200/50mg, tablets, 120 Tabs",Generic,120,4240,158406.4,37.36,0.31,"Aurobindo Unit III, India",1048,14256.58,310.48
77309,Sudan,PMO - US,Direct Drop,EXW,Air,6-Jan-12,6-Jan-12,HRDT,HIV test,"Orgenics, Ltd",SKU0002,"HIV 1/2, Determine Complete HIV Kit, 100 Tests",Determine,100,22,1958,89,0.89,"Alere Medical Co., Ltd.",11,978.41,3.23
77310,Vietnam,PMO - US,Direct Drop,EXW,Air,22-Dec-11,22-Dec-11,ARV,Adult,STRIDES ARCOLAB LIMITED,SKU0054,"Lamivudine/Nevirapine/Zidovudine 150/200/300mg, tablets, 60 Tabs",Generic,60,20970,222282,10.6,0.18,"Strides, Bangalore, India.",2447,2673.82,366.77
77324,Rwanda,PMO - US,Direct Drop,CIP,Air,4-Jan-10,4-Jan-10,ARV,Adult,HETERO LABS LIMITED,SKU0003,"Lamivudine 150mg, tablets, 60 Tabs",Generic,60,10350,26806.5,2.59,0.04,Hetero Unit III Hyderabad IN,582,2990.64,52.54
77413,Zambia,PMO - US,Direct Drop,EXW,Air,20-Jul-14,20-Jul-14,ARV,Adult,Aurobindo Pharma Limited,SKU0007,"Nevirapine 200mg, tablets, 60 Tabs",Generic,60,34165,76871.25,2.25,0.04,"Aurobindo Unit III, India",3503,19461.76,79.02
77420,Burundi,PMO - US,Direct Drop,EXW,Air,3-Apr-13,3-Apr-13,HRDT,HIV test,"CHEMBIO DIAGNOSTIC SYSTEMS, INC.",SKU0111,"HIV 1/2, Stat-Pak Dipstick Assay Kit, 30 Tests",Stat-Pak,30,514,14186.4,27.6,0.92,Chembio Diagnostics Sys. Inc.,55,758.65,17.55
77735,Côte d'Ivoire,PMO - US,Direct Drop,EXW,Air,3-Mar-14,3-Mar-14,ARV,Adult,MYLAN LABORATORIES LTD (FORMERLY MATRIX LABORATORIES),SKU0119,"Atazanavir/Ritonavir 300/100mg, tablets, 30 Tabs",Generic,30,2100,42000,20,0.67,Mylan (formerly Matrix) Nashik,293,3169.34,51.95
77464,Vietnam,PMO - US,Direct Drop,EXW,Air,29-Jul-14,29-Jul-14,ARV,Adult,HETERO LABS LIMITED,SKU0113,"Efavirenz/Lamivudine/Tenofovir Disoproxil Fumarate 600/300/300mg, tablets, 30 Tabs",Generic,30,7248,76104,10.5,0.35,Hetero Unit III Hyderabad IN,See ASN-26923 (ID#:13027),See ASN-26923 (ID#:13027),78.23
77480,South Africa,PMO - US,Direct Drop,DDP,Truck,29-Aug-14,29-Aug-14,ARV,Pediatric,S. BUYS WHOLESALER,SKU0066,"Efavirenz 200mg, capsule, 90 Caps",Generic,90,57,1483.72,26.03,0.29,"Aurobindo Unit III, India",Weight Captured Separately,Freight Included in Commodity Cost,1.84
77494,Uganda,PMO - US,Direct Drop,EXW,Ocean,18-Dec-13,18-Dec-13,ARV,Adult,MYLAN LABORATORIES LTD (FORMERLY MATRIX LABORATORIES),SKU0011,"Lamivudine/Zidovudine 150/300mg, tablets, 60 Tabs",Generic,60,9888,64173.12,6.49,0.11,Mylan (formerly Matrix) Nashik,858,10833.06,79.38
77509,South Africa,PMO - US,Direct Drop,DDP,Ocean,23-Sep-11,23-Sep-11,ARV,Pediatric,GLAXOSMITHKLINE EXPORT LIMITED,SKU0087,"Abacavir 20mg/ml [Ziagen], oral solution, Bottle, 240 ml",Ziagen,240,20000,185600,9.28,0.04,GSK Mississauga (Canada),7670,7175.68,306.24
77517,South Sudan,PMO - US,Direct Drop,EXW,Air,8-May-15,8-May-15,HRDT,HIV test,"Trinity Biotech, Plc",SKU0009,"HIV 1/2, Uni-Gold HIV Kit, 20 Tests",Uni-Gold,20,50,1600,32,1.6,"Trinity Biotech, Plc",See ASN-31129 (ID#:40205),See ASN-31129 (ID#:40205),1.88
77519,Vietnam,PMO - US,Direct Drop,EXW,Air,6-Jul-10,6-Jul-10,ARV,Adult,Aurobindo Pharma Limited,SKU0011,"Lamivudine/Zidovudine 150/300mg, tablets, 60 Tabs",Generic,60,14952,128736.72,8.61,0.14,"Aurobindo Unit III, India",See ASN-7262 (ID#:25201),See ASN-7262 (ID#:25201),252.32
77546,Haiti,PMO - US,Direct Drop,EXW,Ocean,20-Oct-14,20-Oct-14,ARV,Pediatric,Aurobindo Pharma Limited,SKU0048,"Lamivudine 10mg/ml, oral solution, Bottle, 240 ml",Generic,240,1650,2359.5,1.43,0.01,"Aurobindo Unit III, India",See ASN-26906 (ID#:33218),See ASN-26906 (ID#:33218),2.43
77547,South Sudan,PMO - US,Direct Drop,EXW,Air,3-Jun-15,3-Jun-15,HRDT,HIV test - Ancillary,"Orgenics, Ltd",SKU0084,"Capillary Tubes, for Determine, EDTA, 50uL,100 Pcs",Determine,100,50,400,8,0.08,"Alere Medical Co., Ltd.",See ASN-31331 (ID#:51668),See ASN-31331 (ID#:51668),0.47
77552,Nigeria,PMO - US,Direct Drop,EXW,Air,7-Nov-13,7-Nov-13,HRDT,HIV test,"Orgenics, Ltd",SKU0002,"HIV 1/2, Determine Complete HIV Kit, 100 Tests",Determine,100,3036,270204,89,0.89,"Alere Medical Co., Ltd.",1233,20602.3,334.24
77565,Cameroon,PMO - US,Direct Drop,EXW,Air,19-Dec-12,19-Dec-12,ARV,Adult,MYLAN LABORATORIES LTD (FORMERLY MATRIX LABORATORIES),SKU0113,"Efavirenz/Lamivudine/Tenofovir Disoproxil Fumarate 600/300/300mg, tablets, 30 Tabs",Generic,30,26204,314185.96,11.99,0.4,Mylan (formerly Matrix) Nashik,3176,27939.91,440.49
77606,"Congo, DRC",PMO - US,Direct Drop,FCA,Air,20-Nov-13,20-Nov-13,ARV,Pediatric,ABBVIE LOGISTICS (FORMERLY ABBOTT LOGISTICS BV),SKU0042,"Lopinavir/Ritonavir 80/20mg/ml [Kaletra], oral solution, cool, Bottle 5 x 60 ml",Kaletra,300,10,308.2,30.82,0.1,ABBVIE (Abbott) Logis. UK,38,1573.41,0.38
77610,South Africa,PMO - US,Direct Drop,DDP,Truck,24-Aug-09,24-Aug-09,ARV,Adult,S. BUYS WHOLESALER,SKU0026,"Efavirenz 600mg, tablets, 30 Tabs",Generic,30,560,10506.86,18.76,0.63,"Cipla, Goa, India",Weight Captured Separately,Freight Included in Commodity Cost,20.59
77651,Vietnam,PMO - US,Direct Drop,EXW,Air,27-Oct-09,27-Oct-09,ARV,Adult,CIPLA LIMITED,SKU0044,"Lamivudine/Nevirapine/Stavudine 150/200/30mg, tablets, 60 Tabs",Generic,60,23040,146995.2,6.38,0.11,"Cipla, Goa, India",9,4620.03,288.11
77659,South Africa,PMO - US,Direct Drop,DDP,Truck,12-May-15,12-May-15,ARV,Adult,PHARMACY DIRECT,SKU0026,"Efavirenz 600mg, tablets, 30 Tabs",Generic,30,3,33.81,11.27,0.38,"Aurobindo Unit III, India",Weight Captured Separately,Freight Included in Commodity Cost,0.03
77671,Ghana,PMO - US,Direct Drop,EXW,Air,24-Dec-14,24-Dec-14,ARV,Pediatric,Aurobindo Pharma Limited,SKU0048,"Lamivudine 10mg/ml, oral solution, Bottle, 240 ml",Generic,240,11730,16773.9,1.43,0.01,"Aurobindo Unit III, India",4673,22212.75,17.24
77677,Tanzania,PMO - US,Direct Drop,EXW,Air,24-Jun-14,24-Jun-14,ARV,Adult,MYLAN LABORATORIES LTD (FORMERLY MATRIX LABORATORIES),SKU0105,"Emtricitabine/Tenofovir Disoproxil Fumarate 200/300mg, tablets, 30 Tabs",Generic,30,5000,28700,5.74,0.19,Mylan (formerly Matrix) Nashik,449,2865.22,29.5
77750,Zimbabwe,PMO - US,Direct Drop,FCA,Air,8-Nov-12,22-Nov-12,ARV,Pediatric,ABBVIE LOGISTICS (FORMERLY ABBOTT LOGISTICS BV),SKU0042,"Lopinavir/Ritonavir 80/20mg/ml [Kaletra], oral solution, cool, Bottle 5 x 60 ml",Kaletra,300,1364,42038.48,30.82,0.1,ABBVIE (Abbott) Logis. UK,1309,15578.89,58.94
77751,South Sudan,PMO - US,Direct Drop,EXW,Air,29-Sep-14,29-Sep-14,ARV,Pediatric,Aurobindo Pharma Limited,SKU0120,"Nevirapine 50mg, dispersible tablets (tablets for oral suspension), 30 Tabs",Generic,30,2538,3172.5,1.25,0.04,"Aurobindo Unit III, India",165,1960.89,3.26
77772,Uganda,PMO - US,Direct Drop,FCA,Air,12-May-10,12-May-10,ARV,Adult,ABBVIE LOGISTICS (FORMERLY ABBOTT LOGISTICS BV),SKU0008,"Lopinavir/Ritonavir 200/50mg [Aluvia], tablets, 120 Tabs",Aluvia,120,160,5785.6,36.16,0.3,ABBVIE Ludwigshafen Germany,47,1238.94,12.47
77780,Uganda,PMO - US,Direct Drop,CIP,Air,21-May-12,21-May-12,ARV,Adult,MERCK SHARP & DOHME IDEA GMBH (FORMALLY MERCK SHARP & DOHME B.V.),SKU0129,"Raltegravir 400mg [Isentress], tablets, 60 Tabs",Isentress,60,168,9324,55.5,0.92,"MSD, Haarlem, NL",35,886,13.07
77781,South Africa,PMO - US,Direct Drop,DDP,Truck,31-May-10,31-May-10,ARV,Adult,S. BUYS WHOLESALER,SKU0008,"Lopinavir/Ritonavir 200/50mg [Aluvia], tablets, 120 Tabs",Aluvia,120,300,12447.35,41.49,0.35,ABBVIE Ludwigshafen Germany,Weight Captured Separately,Freight Included in Commodity Cost,26.84
77782,Botswana,PMO - US,Direct Drop,EXW,Air,30-Jun-10,30-Jun-10,HRDT,HIV test - Ancillary,Orasure Technologies Inc.,SKU0096,"#109435**HIV, OraQuick Controls Kit, 3 Vials",OraQuick,3,10,250,25,8.33,"Orasure Technologies, Inc USA",6,418.94,0.49
77901,Nigeria,PMO - US,Direct Drop,EXW,Air,9-Jan-13,21-Feb-13,HRDT,HIV test,"Orgenics, Ltd",SKU0002,"HIV 1/2, Determine Complete HIV Kit, 100 Tests",Determine,100,2744,244216,89,0.89,"Alere Medical Co., Ltd.",1235,88176.17,342.39
77910,South Africa,PMO - US,Direct Drop,DDP,Truck,6-Feb-14,6-Feb-14,ARV,Adult,S. BUYS WHOLESALER,SKU0011,"Lamivudine/Zidovudine 150/300mg, tablets, 60 Tabs",Generic,60,259,7677.85,29.64,0.49,"Cipla, Goa, India",Weight Captured Separately,Freight Included in Commodity Cost,9.5
77925,South Africa,PMO - US,Direct Drop,DDP,Truck,29-Aug-14,29-Aug-14,ARV,Adult,S. BUYS WHOLESALER,SKU0029,"Tenofovir Disoproxil Fumarate 300mg, tablets, 30 Tabs",Generic,30,472,9824.7,20.82,0.69,Hetero Unit III Hyderabad IN,Weight Captured Separately,Freight Included in Commodity Cost,12.15
77926,South Africa,PMO - US,Direct Drop,DDP,Truck,13-Jan-14,13-Jan-14,ARV,Pediatric,S. BUYS WHOLESALER,SKU0049,"Efavirenz 50mg, capsule, 30 Caps",Generic,30,28,78.79,2.81,0.09,"Aurobindo Unit III, India",Weight Captured Separately,Freight Included in Commodity Cost,0.08
77936,South Africa,South Africa Field Office,Direct Drop,DDP,Truck,16-Apr-13,16-Apr-13,ARV,Adult,S. BUYS WHOLESALER,SKU0014,"Zidovudine 300mg, tablets, 60 Tabs",Generic,60,13,328.17,25.24,0.42,"Aurobindo Unit III, India",Weight Captured Separately,Freight Included in Commodity Cost,0.41
77941,"Congo, DRC",PMO - US,Direct Drop,FCA,Air,20-Nov-13,20-Nov-13,ARV,Pediatric,ABBVIE LOGISTICS (FORMERLY ABBOTT LOGISTICS BV),SKU0042,"Lopinavir/Ritonavir 80/20mg/ml [Kaletra], oral solution, cool, Bottle 5 x 60 ml",Kaletra,300,60,1849.2,30.82,0.1,ABBVIE (Abbott) Logis. UK,103,1573.41,2.29
77952,Rwanda,PMO - US,Direct Drop,EXW,Air,28-Apr-14,28-Apr-14,HRDT,HIV test,"SHANGHAI KEHUA BIOENGINEERING CO.,LTD.  (KHB)",SKU0063,"HIV 1/2, SKB Colloidal Gold, Diagnostic Kit, Antibody, 50 Tests",Colloidal Gold,1,5994,146853,24.5,24.5,"KHB Test Kit Facility, Shanghai China",3996,53102.22,150.96
77964,Nigeria,PMO - US,Direct Drop,EXW,Air,5-May-10,18-Jun-10,HRDT,HIV test,"Orgenics, Ltd",SKU0002,"HIV 1/2, Determine Complete HIV Kit, 100 Tests",Determine,100,2334,186720,80,0.8,Inverness Japan,1130,21654.06,402.57
78026,Vietnam,PMO - US,Direct Drop,EXW,Air,13-Aug-14,30-Jul-14,ARV,Adult,HETERO LABS LIMITED,SKU0113,"Efavirenz/Lamivudine/Tenofovir Disoproxil Fumarate 600/300/300mg, tablets, 30 Tabs",Generic,30,22752,238896,10.5,0.35,Hetero Unit III Hyderabad IN,3138,4964.6,245.59
78050,Côte d'Ivoire,PMO - US,Direct Drop,CIP,Air,7-May-10,7-May-10,ARV,Pediatric,BRISTOL-MYERS SQUIBB,SKU0046,"Didanosine 50mg [Videx], chewable tablets, 60 Tabs",Videx,60,1888,17936,9.5,0.16,"BMS Meymac, France",368,824.37,38.67
78071,Vietnam,PMO - US,Direct Drop,EXW,Air,26-Mar-10,26-Mar-10,ARV,Adult,Aurobindo Pharma Limited,SKU0069,"Didanosine 250mg, delayed-release capsules, 30 Caps",Generic,30,252,3276,13,0.43,"Aurobindo Unit III, India",17,436.62,7.06
78087,Cameroon,PMO - US,Direct Drop,EXW,Air,28-Oct-11,28-Oct-11,HRDT,HIV test,Orasure Technologies Inc.,SKU0018,"HIV 1/2, OraQuick Advance HIV Rapid Antibody Kit, 100 Tests",OraQuick,100,20,7000,350,3.5,"Pacific Biotech, Thailand",48,1222.56,11.55
78090,South Africa,PMO - US,Direct Drop,DDP,Ocean,31-Dec-10,31-Dec-10,ARV,Pediatric,Aurobindo Pharma Limited,SKU0049,"Efavirenz 50mg, capsule, 30 Caps",Generic,30,22920,54778.8,2.39,0.08,"Aurobindo Unit III, India",1291,4429.37,118.1
78096,Cameroon,PMO - US,Direct Drop,EXW,Air,4-Oct-12,4-Oct-12,HRDT,HIV test,HUMAN GMBH,SKU0173,"HIV 1/2, HEXAGON Rapid HIV Kit, 100 Tests",Hexagon,100,30,3347.4,111.58,1.12,Human Diagnostic,Weight Captured Separately,Invoiced Separately,4.69
78103,Zimbabwe,PMO - US,Direct Drop,EXW,Ocean,3-Nov-14,3-Nov-14,ARV,Pediatric,MYLAN LABORATORIES LTD (FORMERLY MATRIX LABORATORIES),SKU0140,"Lamivudine/Nevirapine/Zidovudine 30/50/60mg, dispersible tablets, 60 Tabs",Generic,60,204713,736966.8,3.6,0.06,Mylan (formerly Matrix) Nashik,11430,22059.25,757.6
78116,Vietnam,PMO - US,Direct Drop,EXW,Air,1-Jul-10,1-Jul-10,ARV,Adult,STRIDES ARCOLAB LIMITED,SKU0054,"Lamivudine/Nevirapine/Zidovudine 150/200/300mg, tablets, 60 Tabs",Generic,60,24349,267839,11,0.18,"Strides, Bangalore, India.",2799,11838.56,577.46
78120,Vietnam,PMO - US,Direct Drop,EXW,Air,19-Oct-11,19-Oct-11,ARV,Adult,HETERO LABS LIMITED,SKU0007,"Nevirapine 200mg, tablets, 60 Tabs",Generic,60,7000,17010,2.43,0.04,Hetero Unit III Hyderabad IN,512,6015.18,28.07
78140,Vietnam,PMO - US,Direct Drop,EXW,Air,2-Oct-12,2-Oct-12,ARV,Adult,MYLAN LABORATORIES LTD (FORMERLY MATRIX LABORATORIES),SKU0054,"Lamivudine/Nevirapine/Zidovudine 150/200/300mg, tablets, 60 Tabs",Generic,60,2335,21832.25,9.35,0.16,Mylan (formerly Matrix) Nashik,See ASN-16124 (ID#:20321),See ASN-16124 (ID#:20321),30.61
78150,Mali,PMO - US,Direct Drop,CIP,Air,20-May-15,20-May-15,HRDT,HIV test - Ancillary,Orasure Technologies Inc.,SKU0161,"HIV, OraQuick Controls Kit, 3 Vials",OraQuick,1,33,825,25,25,"Orasure Technologies, Inc USA",Weight Captured Separately,Freight Included in Commodity Cost,0.85
78152,Vietnam,PMO - US,Direct Drop,EXW,Air,15-May-12,15-May-12,ARV,Adult,MYLAN LABORATORIES LTD (FORMERLY MATRIX LABORATORIES),SKU0113,"Efavirenz/Lamivudine/Tenofovir Disoproxil Fumarate 600/300/300mg, tablets, 30 Tabs",Generic,30,27608,389272.8,14.1,0.47,Mylan (formerly Matrix) Nashik,See ASN-14757 (ID#:30618),See ASN-14757 (ID#:30618),545.76
78184,Vietnam,PMO - US,Direct Drop,EXW,Air,21-Sep-11,21-Sep-11,ARV,Adult,HETERO LABS LIMITED,SKU0011,"Lamivudine/Zidovudine 150/300mg, tablets, 60 Tabs",Generic,60,9751,79958.2,8.2,0.14,Hetero Unit III Hyderabad IN,See ASN-11855 (ID#:69871),See ASN-11855 (ID#:69871),131.93
78198,Côte d'Ivoire,PMO - US,Direct Drop,FCA,Air,29-Nov-13,29-Nov-13,ARV,Adult,ABBVIE LOGISTICS (FORMERLY ABBOTT LOGISTICS BV),SKU0110,"Ritonavir 100mg [Norvir], film coated tablets, 60 Tabs",Norvir,60,3000,20550,6.85,0.11,ABBVIE Ludwigshafen Germany,387,6020.48,25.42
78201,South Africa,PMO - US,Direct Drop,DDP,Air,24-Aug-10,20-Sep-10,ARV,Adult,Aurobindo Pharma Limited,SKU0003,"Lamivudine 150mg, tablets, 60 Tabs",Generic,60,16999,43007.47,2.53,0.04,"Aurobindo Unit III, India",912,1791.42,92.72
78220,South Africa,PMO - US,Direct Drop,DDP,Truck,29-Aug-14,29-Aug-14,ARV,Adult,S. BUYS WHOLESALER,SKU0011,"Lamivudine/Zidovudine 150/300mg, tablets, 60 Tabs",Generic,60,239,7826.72,32.75,0.55,Hetero Unit III Hyderabad IN,Weight Captured Separately,Freight Included in Commodity Cost,9.68
78244,South Africa,South Africa Field Office,Direct Drop,DDP,Truck,16-Apr-13,16-Apr-13,ARV,Adult,S. BUYS WHOLESALER,SKU0004,"Stavudine 30mg, capsules, 60 Caps",Generic,60,337,1357.12,4.03,0.07,"Aurobindo Unit III, India",Weight Captured Separately,Freight Included in Commodity Cost,1.68
78261,Uganda,PMO - US,Direct Drop,EXW,Air,18-Jul-12,18-Jul-12,ARV,Adult,Aurobindo Pharma Limited,SKU0135,"Lopinavir/Ritonavir 200/50mg, tablets, 120 Tabs",Generic,120,15321,390685.5,25.5,0.21,"Aurobindo Unit III, India",3888,17405.65,547.74
78290,Côte d'Ivoire,PMO - US,Direct Drop,EXW,Air,30-Oct-12,30-Oct-12,HRDT,HIV test,"Orgenics, Ltd",SKU0002,"HIV 1/2, Determine Complete HIV Kit, 100 Tests",Determine,100,3100,248000,80,0.8,"Alere Medical Co., Ltd.",1473,29742.64,347.7
78301,South Africa,PMO - US,Direct Drop,DDP,Truck,27-Aug-14,27-Aug-14,ARV,Adult,S. BUYS WHOLESALER,SKU0134,"Didanosine 400mg, delayed-release capsules, 30 Caps",Generic,30,7,153.07,21.87,0.73,"Aurobindo Unit III, India",Weight Captured Separately,Freight Included in Commodity Cost,0.19
78303,Côte d'Ivoire,PMO - US,Direct Drop,CIP,Air,10-Apr-12,10-Apr-12,ARV,Pediatric,MERCK SHARP & DOHME IDEA GMBH (FORMALLY MERCK SHARP & DOHME B.V.),SKU0102,"Efavirenz 30mg/ml [Stocrin/Sustiva], oral solution, Bottle, 180 ml",Stocrin/Sustiva,180,2052,34801.92,16.96,0.09,"MSD, Haarlem, NL",605,1416.03,57.42
78311,Rwanda,PMO - US,Direct Drop,EXW,Air,22-Oct-12,22-Oct-12,ARV,Adult,HETERO LABS LIMITED,SKU0044,"Lamivudine/Nevirapine/Stavudine 150/200/30mg, tablets, 60 Tabs",Generic,60,40000,175600,4.39,0.07,Hetero Unit III Hyderabad IN,4479,36677.08,246.19
78314,Rwanda,PMO - US,Direct Drop,EXW,Air,17-Feb-11,17-Feb-11,HRDT,HIV test,"Orgenics, Ltd",SKU0017,"HIV 1/2, Determine HIV Kit, without Lancets, 100 Tests",Determine,100,5000,388500,77.7,0.78,Inverness Japan,1134,15367.03,837.61
78329,Côte d'Ivoire,PMO - US,Direct Drop,EXW,Air,20-Feb-13,20-Feb-13,HRDT,HIV test,"CHEMBIO DIAGNOSTIC SYSTEMS, INC.",SKU0016,"HIV 1/2, Stat-Pak HIV, Kit, 20 Tests",Stat-Pak,20,2424,70296,29,1.45,Chembio Diagnostics Sys. Inc.,621,7811.66,98.55
78340,Vietnam,PMO - US,Direct Drop,FCA,Air,23-Sep-11,23-Sep-11,ARV,Adult,ABBVIE LOGISTICS (FORMERLY ABBOTT LOGISTICS BV),SKU0008,"Lopinavir/Ritonavir 200/50mg [Aluvia], tablets, 120 Tabs",Aluvia,120,1049,86227.8,82.2,0.68,ABBVIE Ludwigshafen Germany,264,5487.53,142.28
78346,Vietnam,PMO - US,Direct Drop,EXW,Air,9-Nov-10,9-Nov-10,ARV,Adult,MYLAN LABORATORIES LTD (FORMERLY MATRIX LABORATORIES),SKU0026,"Efavirenz 600mg, tablets, 30 Tabs",Generic,30,48235,207410.5,4.3,0.14,Mylan (formerly Matrix) Nashik,3919,11372.45,447.18
78361,Haiti,PMO - US,Direct Drop,CIP,Air,24-Nov-14,24-Nov-14,ARV,Adult,MERCK SHARP & DOHME IDEA GMBH (FORMALLY MERCK SHARP & DOHME B.V.),SKU0129,"Raltegravir 400mg [Isentress], tablets, 60 Tabs",Isentress,60,161,8935.5,55.5,0.92,"MSD, Haarlem, NL",Weight Captured Separately,Freight Included in Commodity Cost,9.19
78362,"Congo, DRC",PMO - US,Direct Drop,FCA,Air,15-Mar-13,15-Mar-13,ARV,Pediatric,ABBVIE LOGISTICS (FORMERLY ABBOTT LOGISTICS BV),SKU0045,"Lopinavir/Ritonavir 100/25mg [Aluvia], tablets, 60 Tabs",Generic,60,60,356.4,5.94,0.1,ABBVIE Ludwigshafen Germany,13,707.19,0.44
78368,South Africa,PMO - US,Direct Drop,DDP,Truck,11-Aug-09,11-Aug-09,ARV,Pediatric,S. BUYS WHOLESALER,SKU0042,"Lopinavir/Ritonavir 80/20mg/ml [Kaletra], oral solution, cool, Bottle 5 x 60 ml",Kaletra,300,1250,58731.4,46.99,0.16,ABBVIE (Abbott) Logis. UK,Weight Captured Separately,Freight Included in Commodity Cost,115.11
78387,Uganda,PMO - US,Direct Drop,DDU,Air,1-Sep-10,1-Sep-10,ARV,Adult,ASPEN PHARMACARE,SKU0115,"Etravirine 100mg [Intelence], tablets, 120 Tabs",Intelence,120,50,4199.01,83.98,0.7,"Janssen-Cilag, Latina, IT",10,435,9.05
78395,Nigeria,PMO - US,Direct Drop,EXW,Air,25-Nov-13,25-Nov-13,HRDT,HIV test,"CHEMBIO DIAGNOSTIC SYSTEMS, INC.",SKU0016,"HIV 1/2, Stat-Pak HIV, Kit, 20 Tests",Stat-Pak,20,5439,174048,32,1.6,Chembio Diagnostics Sys. Inc.,2097,9634.16,215.3
78397,Namibia,PMO - US,Direct Drop,EXW,Air,13-Oct-14,13-Oct-14,ARV,Adult,HETERO LABS LIMITED,SKU0026,"Efavirenz 600mg, tablets, 30 Tabs",Generic,30,21050,73675,3.5,0.12,"Hetero, Jadcherla, unit 5, IN",1812,8683.99,75.74
78403,Haiti,PMO - US,Direct Drop,CIP,Air,14-Mar-12,14-Mar-12,ARV,Pediatric,MERCK SHARP & DOHME IDEA GMBH (FORMALLY MERCK SHARP & DOHME B.V.),SKU0102,"Efavirenz 30mg/ml [Stocrin/Sustiva], oral solution, Bottle, 180 ml",Stocrin/Sustiva,180,255,4324.8,16.96,0.09,"MSD, Haarlem, NL",72,290,7.14
78407,South Africa,PMO - US,Direct Drop,DDP,Truck,27-Aug-14,27-Aug-14,ARV,Adult,S. BUYS WHOLESALER,SKU0003,"Lamivudine 150mg, tablets, 60 Tabs",Generic,60,328,3230.11,9.85,0.16,Hetero Unit III Hyderabad IN,Weight Captured Separately,Freight Included in Commodity Cost,4
78419,Zimbabwe,PMO - US,Direct Drop,FCA,Air,9-Feb-13,14-Mar-13,ARV,Pediatric,ABBVIE LOGISTICS (FORMERLY ABBOTT LOGISTICS BV),SKU0042,"Lopinavir/Ritonavir 80/20mg/ml [Kaletra], oral solution, cool, Bottle 5 x 60 ml",Kaletra,300,1021,31467.22,30.82,0.1,ABBVIE (Abbott) Logis. UK,1013,13257.79,44.12
78427,"Congo, DRC",PMO - US,Direct Drop,FCA,Air,15-Mar-13,3-Apr-13,ARV,Pediatric,ABBVIE LOGISTICS (FORMERLY ABBOTT LOGISTICS BV),SKU0045,"Lopinavir/Ritonavir 100/25mg [Aluvia], tablets, 60 Tabs",Generic,60,24,142.56,5.94,0.1,ABBVIE Ludwigshafen Germany,8,767.87,0.18
78435,Namibia,PMO - US,Direct Drop,EXW,Air,6-Jul-11,6-Jul-11,HRDT,HIV test,"Orgenics, Ltd",SKU0017,"HIV 1/2, Determine HIV Kit, without Lancets, 100 Tests",Determine,100,100,7770,77.7,0.78,Inverness Japan,24,677.37,12.82
78479,Haiti,PMO - US,Direct Drop,FCA,Air,12-Dec-13,12-Dec-13,ARV,Adult,ABBVIE LOGISTICS (FORMERLY ABBOTT LOGISTICS BV),SKU0008,"Lopinavir/Ritonavir 200/50mg [Aluvia], tablets, 120 Tabs",Aluvia,120,1865,36031.8,19.32,0.16,ABBVIE Ludwigshafen Germany,463,3222.27,44.57
78526,Cameroon,PMO - US,Direct Drop,EXW,Air,2-Dec-12,2-Dec-12,ARV,Adult,CIPLA LIMITED,SKU0054,"Lamivudine/Nevirapine/Zidovudine 150/200/300mg, tablets, 60 Tabs",Generic,60,62219,520773.03,8.37,0.14,"Cipla, Goa, India",8297,60840.32,730.12
78532,Botswana,PMO - US,Direct Drop,EXW,Air,2-Mar-11,2-Mar-11,HRDT,HIV test,"Standard Diagnostics, Inc.",SKU0019,"HIV 1/2, Bioline 3.0 Kit, Lancets, Capillary pipets, Alcohol swabs included, 25 Tests",Bioline,25,40,800,20,0.8,"Standard Diagnostics, Korea",14,706.18,1.32
78550,South Africa,PMO - US,Direct Drop,DDP,Truck,5-Nov-14,5-Nov-14,ARV,Adult,PHARMACY DIRECT,SKU0026,"Efavirenz 600mg, tablets, 30 Tabs",Generic,30,125,1949.5,15.6,0.52,"Aurobindo Unit III, India",Weight Captured Separately,Freight Included in Commodity Cost,2
78576,Côte d'Ivoire,PMO - US,Direct Drop,EXW,Air,21-Jan-10,21-Jan-10,HRDT,HIV test,"Orgenics, Ltd",SKU0017,"HIV 1/2, Determine HIV Kit, without Lancets, 100 Tests",Determine,100,3500,245000,70,0.7,Inverness Japan,794,12506.12,528.22
78589,Botswana,PMO - US,Direct Drop,EXW,Air,2-Jun-15,2-Jun-15,ARV,Adult,HETERO LABS LIMITED,SKU0132,"Efavirenz/Emtricitabine/Tenofovir Disoproxil Fumarate 600/200/300mg, tablets, 30 Tabs",Generic,30,34735,362286.05,10.43,0.35,"Hetero, Jadcherla, unit 5, IN",4260,21035.49,426.41
78603,Vietnam,PMO - US,Direct Drop,EXW,Air,18-Oct-11,18-Oct-11,ARV,Adult,HETERO LABS LIMITED,SKU0004,"Stavudine 30mg, capsules, 60 Caps",Generic,60,18000,26100,1.45,0.02,Hetero Unit III Hyderabad IN,1390,11311.6,43.06
78671,South Africa,PMO - US,Direct Drop,DDP,Ocean,14-Oct-11,14-Oct-11,ARV,Pediatric,Aurobindo Pharma Limited,SKU0126,"Nevirapine 10mg/ml, oral suspension w/syringe, Bottle, 240 ml",Generic,240,8500,18020,2.12,0.01,"Aurobindo Unit III, India",3061,3530.94,29.73
78698,South Africa,PMO - US,Direct Drop,DDP,Ocean,25-Nov-11,25-Nov-11,ARV,Pediatric,CIPLA LIMITED,SKU0048,"Lamivudine 10mg/ml, oral solution, Bottle, 240 ml",Generic,240,50000,103000,2.06,0.01,"Cipla, Goa, India",18467,6617.84,169.95
78709,South Africa,PMO - US,Direct Drop,DDP,Truck,7-Feb-14,7-Feb-14,ARV,Pediatric,S. BUYS WHOLESALER,SKU0145,"Abacavir 20mg/ml, oral solution w/syringe, Bottle, 240 ml",Generic,240,89,2406.5,27.04,0.11,"Aurobindo Unit III, India",Weight Captured Separately,Freight Included in Commodity Cost,2.98
78714,Vietnam,PMO - US,Direct Drop,EXW,Air,3-Apr-13,3-Apr-13,ARV,Adult,HETERO LABS LIMITED,SKU0058,"Abacavir 300mg, tablets, 60 Tabs",Generic,60,327,4218.3,12.9,0.22,Hetero Unit III Hyderabad IN,See ASN-18662 (ID#:38299),See ASN-18662 (ID#:38299),5.22
78715,South Africa,PMO - US,Direct Drop,DDP,Ocean,23-Nov-11,23-Nov-11,ARV,Adult,STRIDES ARCOLAB LIMITED,SKU0003,"Lamivudine 150mg, tablets, 60 Tabs",Generic,60,515000,1251450,2.43,0.04,"Strides, Bangalore, India.",23655,37401.43,2064.89
78727,Rwanda,PMO - US,Direct Drop,FCA,Air,30-Apr-10,30-Apr-10,ARV,Pediatric,Hoffmann-La Roche ltd Basel,SKU0179,"Nelfinavir 50mg/g [Viracept], oral powder, 144g",Viracept,144,148,5429.5,36.69,0.25,Roche Basel,27,1253.71,11.71
78729,Vietnam,PMO - US,Direct Drop,EXW,Air,1-Apr-10,1-Apr-10,ARV,Adult,MYLAN LABORATORIES LTD (FORMERLY MATRIX LABORATORIES),SKU0003,"Lamivudine 150mg, tablets, 60 Tabs",Generic,60,16800,43680,2.6,0.04,Mylan (formerly Matrix) Nashik,See ASN-6341 (ID#:29298),See ASN-6341 (ID#:29298),94.17
78733,South Africa,PMO - US,Direct Drop,DDP,Ocean,22-Nov-11,22-Nov-11,ARV,Adult,Aurobindo Pharma Limited,SKU0014,"Zidovudine 300mg, tablets, 60 Tabs",Generic,60,9829,71751.7,7.3,0.12,"Aurobindo Unit III, India",509,3341.45,118.39
78767,Burundi,PMO - US,Direct Drop,EXW,Air,20-Nov-13,20-Nov-13,HRDT,HIV test,"Orgenics, Ltd",SKU0002,"HIV 1/2, Determine Complete HIV Kit, 100 Tests",Determine,100,1268,101440,80,0.8,"Alere Medical Co., Ltd.",516,9802.95,125.48
78789,Ethiopia,PMO - US,Direct Drop,EXW,Air,1-Jul-11,1-Jul-11,ARV,Adult,MYLAN LABORATORIES LTD (FORMERLY MATRIX LABORATORIES),SKU0107,"Lamivudine/Tenofovir Disoproxil Fumarate 300/300mg, tablets, 30 Tabs",Generic,30,100000,624000,6.24,0.21,Mylan (formerly Matrix) Nashik,9565,60713.12,1029.6
78805,Vietnam,PMO - US,Direct Drop,EXW,Air,27-Jul-11,27-Jul-11,ARV,Adult,MYLAN LABORATORIES LTD (FORMERLY MATRIX LABORATORIES),SKU0029,"Tenofovir Disoproxil Fumarate 300mg, tablets, 30 Tabs",Generic,30,1612,10478,6.5,0.22,Mylan (formerly Matrix) Nashik,111,7457.19,17.29
78818,Tanzania,PMO - US,Direct Drop,EXW,Air,29-Sep-11,5-Oct-11,HRDT,HIV test,"Standard Diagnostics, Inc.",SKU0019,"HIV 1/2, Bioline 3.0 Kit, Lancets, Capillary pipets, Alcohol swabs included, 25 Tests",Bioline,25,10000,200000,20,0.8,"Standard Diagnostics, Korea",3334,22523.12,330
78839,Vietnam,PMO - US,Direct Drop,EXW,Air,30-May-14,30-May-14,ARV,Adult,MYLAN LABORATORIES LTD (FORMERLY MATRIX LABORATORIES),SKU0029,"Tenofovir Disoproxil Fumarate 300mg, tablets, 30 Tabs",Generic,30,12000,48000,4,0.13,Mylan (formerly Matrix) Nashik,See ASN-24041 (ID#:34062),See ASN-24041 (ID#:34062),59.38
78846,Tanzania,PMO - US,Direct Drop,EXW,Air,13-Jul-12,13-Jul-12,HRDT,HIV test,"Trinity Biotech, Plc",SKU0009,"HIV 1/2, Uni-Gold HIV Kit, 20 Tests",Uni-Gold,20,9250,296000,32,1.6,"Trinity Biotech, Plc",3058,31491.23,414.99
78909,Nigeria,PMO - US,Direct Drop,EXW,Air,18-Feb-14,12-Feb-14,HRDT,HIV test,"Orgenics, Ltd",SKU0002,"HIV 1/2, Determine Complete HIV Kit, 100 Tests",Determine,100,9258,823962,89,0.89,"Alere Medical Co., Ltd.",3759,57561.38,1019.24
78946,Zimbabwe,PMO - US,Direct Drop,EXW,Air,14-Jun-14,14-Jun-14,ARV,Adult,Aurobindo Pharma Limited,SKU0107,"Lamivudine/Tenofovir Disoproxil Fumarate 300/300mg, tablets, 30 Tabs",Generic,30,24540,114111,4.65,0.16,"Aurobindo Unit VII, IN",2448,20407.95,117.31
78949,Zimbabwe,PMO - US,Direct Drop,EXW,Air,18-May-10,18-May-10,HRDT,HIV test,"Orgenics, Ltd",SKU0002,"HIV 1/2, Determine Complete HIV Kit, 100 Tests",Determine,100,1915,137880,72,0.72,Inverness Japan,967,18212.87,297.27
78985,Zambia,PMO - US,Direct Drop,EXW,Air,28-Jan-10,27-Jan-10,HRDT,HIV test,"Orgenics, Ltd",SKU0002,"HIV 1/2, Determine Complete HIV Kit, 100 Tests",Determine,100,2282,164304,72,0.72,Inverness Japan,1106,16793.45,322.04
79022,South Africa,PMO - US,Direct Drop,DDP,Truck,13-Jan-14,13-Jan-14,ARV,Adult,S. BUYS WHOLESALER,SKU0026,"Efavirenz 600mg, tablets, 30 Tabs",Generic,30,152,2218.99,14.6,0.49,"Aurobindo Unit III, India",Weight Captured Separately,Freight Included in Commodity Cost,2.28
79064,South Africa,PMO - US,Direct Drop,DDP,Truck,19-Nov-14,19-Nov-14,ARV,Adult,S. BUYS WHOLESALER,SKU0129,"Raltegravir 400mg [Isentress], tablets, 60 Tabs",Isentress,60,82,7657.21,93.38,1.56,"MSD, Haarlem, NL",Weight Captured Separately,Freight Included in Commodity Cost,9.47
79081,South Sudan,PMO - US,Direct Drop,EXW,Air,20-Feb-14,20-Feb-14,HRDT,HIV test,"Trinity Biotech, Plc",SKU0009,"HIV 1/2, Uni-Gold HIV Kit, 20 Tests",Uni-Gold,20,444,14208,32,1.6,"Trinity Biotech, Plc",132,1847.97,14.61
79109,Zambia,PMO - US,Direct Drop,EXW,Air,31-Oct-12,31-Oct-12,HRDT,HIV test,"Orgenics, Ltd",SKU0002,"HIV 1/2, Determine Complete HIV Kit, 100 Tests",Determine,100,8200,656000,80,0.8,"Alere Medical Co., Ltd.",3896,69016.63,919.71
79111,South Africa,PMO - US,Direct Drop,DDP,Truck,15-Feb-10,15-Feb-10,ARV,Adult,"JSI R&T INSTITUTE, INC.",SKU0014,"Zidovudine 300mg, tablets, 60 Tabs",Generic,60,1130,31894.32,28.23,0.47,"Aurobindo Unit III, India",Weight Captured Separately,Freight Included in Commodity Cost,62.51
79128,Uganda,PMO - US,Direct Drop,CIP,Air,21-May-12,21-May-12,ARV,Adult,MERCK SHARP & DOHME IDEA GMBH (FORMALLY MERCK SHARP & DOHME B.V.),SKU0129,"Raltegravir 400mg [Isentress], tablets, 60 Tabs",Isentress,60,180,9990,55.5,0.92,"MSD, Haarlem, NL",See ASN-14835 (ID#:77780),See ASN-14835 (ID#:77780),14.01
79141,Kenya,PMO - US,Direct Drop,EXW,Air,3-Feb-12,3-Feb-12,HRDT,HIV test,"Trinity Biotech, Plc",SKU0009,"HIV 1/2, Uni-Gold HIV Kit, 20 Tests",Uni-Gold,20,516,16512,32,1.6,"Trinity Biotech, Plc",174,2061.8,27.24
79173,Vietnam,PMO - US,Direct Drop,EXW,Air,13-Jul-15,13-Jul-15,ARV,Adult,HETERO LABS LIMITED,SKU0113,"Efavirenz/Lamivudine/Tenofovir Disoproxil Fumarate 600/300/300mg, tablets, 30 Tabs",Generic,30,5120,51200,10,0.33,Hetero Unit III Hyderabad IN,See ASN-32258 (ID#:29880),See ASN-32258 (ID#:29880),60.26
79193,Haiti,PMO - US,Direct Drop,FCA,Air,8-Aug-12,8-Aug-12,ARV,Pediatric,SYSMEX AMERICA INC,SKU0045,"Lopinavir/Ritonavir 100/25mg [Aluvia], tablets, 60 Tabs",Generic,60,216,1596.24,7.39,0.12,ABBVIE Ludwigshafen Germany,24,4059.85,2.24
79232,Rwanda,PMO - US,Direct Drop,CIP,Air,25-Jun-10,25-Jun-10,ARV,Adult,MYLAN LABORATORIES LTD (FORMERLY MATRIX LABORATORIES),SKU0107,"Lamivudine/Tenofovir Disoproxil Fumarate 300/300mg, tablets, 30 Tabs",Generic,30,72091,789396.45,10.95,0.36,Mylan (formerly Matrix) Nashik,6842,73790.43,1547.22
79236,Vietnam,PMO - US,Direct Drop,EXW,Air,30-Jul-15,2-Aug-15,ARV,Adult,MYLAN LABORATORIES LTD (FORMERLY MATRIX LABORATORIES),SKU0054,"Lamivudine/Nevirapine/Zidovudine 150/200/300mg, tablets, 60 Tabs",Generic,60,12816,103809.6,8.1,0.13,Mylan (formerly Matrix) Nashik,Weight Captured Separately,Invoiced Separately,122.18
79271,South Africa,PMO - US,Direct Drop,DDP,Truck,27-Aug-14,27-Aug-14,ARV,Adult,S. BUYS WHOLESALER,SKU0003,"Lamivudine 150mg, tablets, 60 Tabs",Generic,60,1,9.85,9.85,0.16,Hetero Unit III Hyderabad IN,Weight Captured Separately,Freight Included in Commodity Cost,0.01
79283,Vietnam,PMO - US,Direct Drop,EXW,Air,24-Dec-14,24-Dec-14,ARV,Adult,HETERO LABS LIMITED,SKU0113,"Efavirenz/Lamivudine/Tenofovir Disoproxil Fumarate 600/300/300mg, tablets, 30 Tabs",Generic,30,15840,166320,10.5,0.35,Hetero Unit III Hyderabad IN,See ASN-29384 (ID#:33441),See ASN-29384 (ID#:33441),170.98
79325,Côte d'Ivoire,PMO - US,Direct Drop,EXW,Air,24-Jan-14,24-Jan-14,HRDT,HIV test,"Orgenics, Ltd",SKU0002,"HIV 1/2, Determine Complete HIV Kit, 100 Tests",Determine,100,3135,250800,80,0.8,"Alere Medical Co., Ltd.",1272,16856.6,257.82
79352,Vietnam,PMO - US,Direct Drop,EXW,Air,1-Mar-12,1-Mar-12,ARV,Adult,Aurobindo Pharma Limited,SKU0011,"Lamivudine/Zidovudine 150/300mg, tablets, 60 Tabs",Generic,60,14789,117572.55,7.95,0.13,"Aurobindo Unit III, India",See ASN-13475 (ID#:15772),See ASN-13475 (ID#:15772),193.99
79361,South Africa,PMO - US,Direct Drop,DDP,Truck,29-Aug-14,29-Aug-14,ARV,Pediatric,S. BUYS WHOLESALER,SKU0066,"Efavirenz 200mg, capsule, 90 Caps",Generic,90,75,1952.27,26.03,0.29,"Aurobindo Unit III, India",Weight Captured Separately,Freight Included in Commodity Cost,2.41
79375,South Africa,PMO - US,Direct Drop,DDP,Truck,28-Apr-15,28-Apr-15,ARV,Adult,PHARMACY DIRECT,SKU0058,"Abacavir 300mg, tablets, 60 Tabs",Generic,60,19,1310.81,68.99,1.15,"Aurobindo Unit III, India",Weight Captured Separately,Freight Included in Commodity Cost,1.35
79424,Nigeria,PMO - US,Direct Drop,EXW,Air,7-Aug-15,7-Aug-15,HRDT,HIV test,"CHEMBIO DIAGNOSTIC SYSTEMS, INC.",SKU0016,"HIV 1/2, Stat-Pak HIV, Kit, 20 Tests",Stat-Pak,20,1564,50048,32,1.6,Chembio Diagnostics Sys. Inc.,Weight Captured Separately,Invoiced Separately,58.91
79445,Sudan,PMO - US,Direct Drop,EXW,Air,6-Jan-12,6-Jan-12,HRDT,HIV test - Ancillary,"Orgenics, Ltd",SKU0084,"Capillary Tubes, for Determine, EDTA, 50uL,100 Pcs",Determine,100,4,32,8,0.08,"Alere Medical Co., Ltd.",Weight Captured Separately,878.34,0.05
79471,South Africa,PMO - US,Direct Drop,DDP,Truck,6-Feb-14,6-Feb-14,ARV,Adult,S. BUYS WHOLESALER,SKU0008,"Lopinavir/Ritonavir 200/50mg [Aluvia], tablets, 120 Tabs",Aluvia,120,344,7955.07,23.13,0.19,ABBVIE Ludwigshafen Germany,Weight Captured Separately,Freight Included in Commodity Cost,9.84
79491,Haiti,PMO - US,Direct Drop,CIP,Air,14-May-13,14-May-13,ARV,Adult,MERCK SHARP & DOHME IDEA GMBH (FORMALLY MERCK SHARP & DOHME B.V.),SKU0129,"Raltegravir 400mg [Isentress], tablets, 60 Tabs",Isentress,60,120,6660,55.5,0.92,"MSD, Haarlem, NL",11,260,8.24
79500,"Congo, DRC",PMO - US,Direct Drop,EXW,Air,2-Jul-15,2-Jul-15,HRDT,HIV test,"Trinity Biotech, Plc",SKU0009,"HIV 1/2, Uni-Gold HIV Kit, 20 Tests",Uni-Gold,20,353,11296,32,1.6,"Trinity Biotech, Plc",See ASN-31750 (ID#:19272),See ASN-31750 (ID#:19272),13.3
79521,South Africa,PMO - US,Direct Drop,DDP,Ocean,6-Sep-11,6-Sep-11,ARV,Adult,STRIDES ARCOLAB LIMITED,SKU0003,"Lamivudine 150mg, tablets, 60 Tabs",Generic,60,440000,1069200,2.43,0.04,"Strides, Bangalore, India.",19564,33865.26,1764.18
79597,Nigeria,PMO - US,Direct Drop,EXW,Air,19-Aug-14,2-Sep-14,HRDT,HIV test,"Orgenics, Ltd",SKU0002,"HIV 1/2, Determine Complete HIV Kit, 100 Tests",Determine,100,5905,525545,89,0.89,"Alere Medical Co., Ltd.",2402,35747.28,540.26
79618,Côte d'Ivoire,PMO - US,Direct Drop,EXW,Air,26-Apr-13,26-Apr-13,HRDT,HIV test,"Orgenics, Ltd",SKU0002,"HIV 1/2, Determine Complete HIV Kit, 100 Tests",Determine,100,2943,235440,80,0.8,"Alere Medical Co., Ltd.",1280,23270.25,291.24
79646,Tanzania,PMO - US,Direct Drop,EXW,Air,23-Apr-13,23-Apr-13,ARV,Adult,MYLAN LABORATORIES LTD (FORMERLY MATRIX LABORATORIES),SKU0119,"Atazanavir/Ritonavir 300/100mg, tablets, 30 Tabs",Generic,30,12830,288675,22.5,0.75,Mylan (formerly Matrix) Nashik,1710,8344.86,357.09
79648,Haiti,PMO - US,Direct Drop,EXW,Air,15-May-14,15-May-14,HRDT,HIV test,"Orgenics, Ltd",SKU0002,"HIV 1/2, Determine Complete HIV Kit, 100 Tests",Determine,100,4000,400000,100,1,"Alere Medical Co., Ltd.",1623,15230.88,411.2
79679,Vietnam,PMO - US,Direct Drop,EXW,Air,7-Nov-14,7-Nov-14,ARV,Adult,MICRO LABS LIMITED,SKU0003,"Lamivudine 150mg, tablets, 60 Tabs",Generic,60,8500,14620,1.72,0.03,"Micro labs, Verna, Goa, India",See ASN-28062 (ID#:14016),See ASN-28062 (ID#:14016),15.03
79701,Tanzania,PMO - US,Direct Drop,EXW,Air,24-Sep-13,27-Sep-13,ARV,Adult,Aurobindo Pharma Limited,SKU0054,"Lamivudine/Nevirapine/Zidovudine 150/200/300mg, tablets, 60 Tabs",Generic,60,7255,58983.15,8.13,0.14,"Aurobindo Unit III, India",917,4676.61,72.96
79710,Guatemala,PMO - US,Direct Drop,FCA,Air,3-Mar-11,3-Mar-11,ARV,Adult,Hoffmann-La Roche ltd Basel,SKU0141,"Saquinavir 500mg [Invirase], tablets, 120 Tabs",Invirase,120,188,44639.99,237.45,1.98,Roche Madrid,33,660.3,73.66
79747,South Africa,PMO - US,Direct Drop,DDP,Ocean,2-Nov-11,6-Dec-11,ARV,Adult,CIPLA LIMITED,SKU0007,"Nevirapine 200mg, tablets, 60 Tabs",Generic,60,50326,136886.72,2.72,0.05,"Cipla, Goa, India",Weight Captured Separately,Freight Included in Commodity Cost,225.86
79757,Vietnam,PMO - US,Direct Drop,FCA,Air,22-Sep-11,22-Sep-11,ARV,Adult,ABBVIE LOGISTICS (FORMERLY ABBOTT LOGISTICS BV),SKU0008,"Lopinavir/Ritonavir 200/50mg [Aluvia], tablets, 120 Tabs",Aluvia,120,4951,406972.2,82.2,0.68,ABBVIE Ludwigshafen Germany,1232,8108.91,671.5
79778,"Congo, DRC",PMO - US,Direct Drop,EXW,Air,4-Nov-14,4-Nov-14,HRDT,HIV test,"Trinity Biotech, Plc",SKU0009,"HIV 1/2, Uni-Gold HIV Kit, 20 Tests",Uni-Gold,20,41,1312,32,1.6,"Trinity Biotech, Plc",See ASN-28279 (ID#:13547),See ASN-28279 (ID#:13547),1.35
79785,South Africa,PMO - US,Direct Drop,DDP,Truck,25-Jun-14,25-Jun-14,ARV,Pediatric,PHARMACY DIRECT,SKU0066,"Efavirenz 200mg, capsule, 90 Caps",Generic,90,20,471.74,23.59,0.26,"Aurobindo Unit III, India",Weight Captured Separately,Freight Included in Commodity Cost,0.48
79791,South Africa,PMO - US,Direct Drop,DDP,Truck,24-Jul-15,24-Jul-15,ARV,Adult,PHARMACY DIRECT,SKU0014,"Zidovudine 300mg, tablets, 60 Tabs",Generic,60,14,270.58,19.33,0.32,"Aurobindo Unit III, India",Weight Captured Separately,Freight Included in Commodity Cost,0.28
79803,Nigeria,PMO - US,Direct Drop,EXW,Air,19-Aug-14,29-Aug-14,HRDT,HIV test,"Orgenics, Ltd",SKU0002,"HIV 1/2, Determine Complete HIV Kit, 100 Tests",Determine,100,5903,525367,89,0.89,"Alere Medical Co., Ltd.",3473,35117.35,540.08
79810,"Congo, DRC",PMO - US,Direct Drop,EXW,Air,4-Nov-14,4-Nov-14,HRDT,HIV test,"Trinity Biotech, Plc",SKU0009,"HIV 1/2, Uni-Gold HIV Kit, 20 Tests",Uni-Gold,20,34,1088,32,1.6,"Trinity Biotech, Plc",See ASN-28279 (ID#:13547),See ASN-28279 (ID#:13547),1.12
79837,Côte d'Ivoire,PMO - US,Direct Drop,FCA,Air,10-Jan-14,10-Jan-14,ARV,Pediatric,ABBVIE LOGISTICS (FORMERLY ABBOTT LOGISTICS BV),SKU0045,"Lopinavir/Ritonavir 100/25mg [Aluvia], tablets, 60 Tabs",Generic,60,4400,26136,5.94,0.1,ABBVIE Ludwigshafen Germany,505,5335.6,32.33
79841,Rwanda,PMO - US,Direct Drop,CIP,Air,28-Jun-12,28-Jun-12,ARV,Pediatric,CIPLA LIMITED,SKU0048,"Lamivudine 10mg/ml, oral solution, Bottle, 240 ml",Generic,240,7420,14469,1.95,0.01,"Cipla, Goa, India",See ASN-15328 (ID#:46005),See ASN-15328 (ID#:46005),20.29
79861,Guyana,PMO - US,Direct Drop,EXW,Air,31-Aug-11,31-Aug-11,HRDT,HIV test,"Trinity Biotech, Plc",SKU0009,"HIV 1/2, Uni-Gold HIV Kit, 20 Tests",Uni-Gold,20,4588,146816,32,1.6,"Trinity Biotech, Plc",1573,26710.2,242.25
79871,Nigeria,PMO - US,Direct Drop,EXW,Air,21-Dec-12,21-Dec-12,HRDT,HIV test,"Trinity Biotech, Plc",SKU0009,"HIV 1/2, Uni-Gold HIV Kit, 20 Tests",Uni-Gold,20,6042,193344,32,1.6,"Trinity Biotech, Plc",1990,23396.04,271.07
79879,Côte d'Ivoire,PMO - US,Direct Drop,EXW,Air,24-Jun-14,24-Jun-14,HRDT,HIV test,"Orgenics, Ltd",SKU0002,"HIV 1/2, Determine Complete HIV Kit, 100 Tests",Determine,100,1500,120000,80,0.8,"Alere Medical Co., Ltd.",606,8158.8,123.36
79885,Zimbabwe,PMO - US,Direct Drop,EXW,Air Charter,17-Sep-14,17-Sep-14,ARV,Adult,HETERO LABS LIMITED,SKU0107,"Lamivudine/Tenofovir Disoproxil Fumarate 300/300mg, tablets, 30 Tabs",Generic,30,27053,124984.86,4.62,0.15,Hetero Unit III Hyderabad IN,4598,25467.64,128.48
79890,Vietnam,PMO - US,Direct Drop,EXW,Air,15-May-12,15-May-12,ARV,Adult,MYLAN LABORATORIES LTD (FORMERLY MATRIX LABORATORIES),SKU0029,"Tenofovir Disoproxil Fumarate 300mg, tablets, 30 Tabs",Generic,30,9679,47911.05,4.95,0.16,Mylan (formerly Matrix) Nashik,See ASN-14757 (ID#:30618),See ASN-14757 (ID#:30618),67.17
79910,South Africa,PMO - US,Direct Drop,DDP,Truck,27-Aug-14,27-Aug-14,ARV,Adult,S. BUYS WHOLESALER,SKU0014,"Zidovudine 300mg, tablets, 60 Tabs",Generic,60,10,278.26,27.83,0.46,"Aurobindo Unit III, India",Weight Captured Separately,Freight Included in Commodity Cost,0.34
79955,Mozambique,PMO - US,Direct Drop,CIP,Air,9-Jun-15,9-Jun-15,ARV,Adult,MERCK SHARP & DOHME IDEA GMBH (FORMALLY MERCK SHARP & DOHME B.V.),SKU0129,"Raltegravir 400mg [Isentress], tablets, 60 Tabs",Isentress,60,162,8991,55.5,0.92,"MSD, Haarlem, NL",Weight Captured Separately,Freight Included in Commodity Cost,10.58
80002,Haiti,PMO - US,Direct Drop,CIP,Air,12-Feb-14,12-Feb-14,ARV,Adult,MERCK SHARP & DOHME IDEA GMBH (FORMALLY MERCK SHARP & DOHME B.V.),SKU0129,"Raltegravir 400mg [Isentress], tablets, 60 Tabs",Isentress,60,17,943.5,55.5,0.92,"MSD, Haarlem, NL",Weight Captured Separately,Freight Included in Commodity Cost,1.17
80005,Vietnam,PMO - US,Direct Drop,EXW,Air,14-Apr-15,14-Apr-15,ARV,Adult,HETERO LABS LIMITED,SKU0029,"Tenofovir Disoproxil Fumarate 300mg, tablets, 30 Tabs",Generic,30,14000,49700,3.55,0.12,Hetero Unit III Hyderabad IN,See ASN-30942 (ID#:19840),See ASN-30942 (ID#:19840),51.09
80019,South Africa,PMO - US,Direct Drop,DDP,Truck,11-Jun-10,11-Jun-10,ARV,Pediatric,S. BUYS WHOLESALER,SKU0060,"Ritonavir 80mg/ml [Norvir], oral solution, cool, Bottle, 90 ml",Norvir,90,2,28.33,14.16,0.16,ABBVIE (Abbott) France,Weight Captured Separately,Freight Included in Commodity Cost,0.06
80040,Vietnam,PMO - US,Direct Drop,EXW,Air,26-Oct-09,26-Oct-09,ARV,Adult,Aurobindo Pharma Limited,SKU0003,"Lamivudine 150mg, tablets, 60 Tabs",Generic,60,27480,65952,2.4,0.04,"Aurobindo Unit III, India",See ASN-5131 (ID#:25886),See ASN-5131 (ID#:25886),129.27
80070,Vietnam,PMO - US,Direct Drop,EXW,Air,27-Jul-11,27-Jul-11,ARV,Adult,MYLAN LABORATORIES LTD (FORMERLY MATRIX LABORATORIES),SKU0054,"Lamivudine/Nevirapine/Zidovudine 150/200/300mg, tablets, 60 Tabs",Generic,60,11594,127534,11,0.18,Mylan (formerly Matrix) Nashik,1615,9502.5,210.43
80072,Vietnam,PMO - US,Direct Drop,EXW,Air,28-May-13,28-May-13,ARV,Adult,MICRO LABS LIMITED,SKU0003,"Lamivudine 150mg, tablets, 60 Tabs",Generic,60,34900,63169,1.81,0.03,"Micro labs, Verna, Goa, India",1588,11413.52,78.14
80086,Cameroon,PMO - US,Direct Drop,EXW,Air,26-Sep-13,26-Sep-13,ARV,Adult,CIPLA LIMITED,SKU0011,"Lamivudine/Zidovudine 150/300mg, tablets, 60 Tabs",Generic,60,7854,51757.86,6.59,0.11,"Cipla, Goa, India",803,7032.5,64.02
80090,Nigeria,PMO - US,Direct Drop,EXW,Air,28-Nov-12,28-Nov-12,HRDT,HIV test,"Orgenics, Ltd",SKU0002,"HIV 1/2, Determine Complete HIV Kit, 100 Tests",Determine,100,1139,101371,89,0.89,"Alere Medical Co., Ltd.",542,13117.86,142.12
80105,Uganda,PMO - US,Direct Drop,EXW,Air,17-Jan-14,17-Jan-14,ARV,Pediatric,CIPLA LIMITED,SKU0140,"Lamivudine/Nevirapine/Zidovudine 30/50/60mg, dispersible tablets, 60 Tabs",Generic,60,6200,24800,4,0.07,"Cipla, Goa, India",597,2905.49,25.49
80112,Nigeria,PMO - US,Direct Drop,EXW,Air,18-Sep-13,19-Sep-13,HRDT,HIV test,"Orgenics, Ltd",SKU0002,"HIV 1/2, Determine Complete HIV Kit, 100 Tests",Determine,100,3064,272696,89,0.89,"Alere Medical Co., Ltd.",1245,13383.47,337.32
80114,Zambia,PMO - US,Direct Drop,EXW,Air,29-Mar-10,29-Mar-10,HRDT,HIV test,"Trinity Biotech, Plc",SKU0009,"HIV 1/2, Uni-Gold HIV Kit, 20 Tests",Uni-Gold,20,7200,230400,32,1.6,"Trinity Biotech, Plc",2521,22460.87,496.74
80138,South Africa,PMO - US,Direct Drop,DDP,Truck,31-May-10,31-May-10,ARV,Adult,S. BUYS WHOLESALER,SKU0032,"Didanosine EC 400mg [Videx EC], delayed-release capsules, Blister 3 x 10 Caps",Videx EC,30,140,4039.16,28.85,0.96,"BMS Meymac, France",Weight Captured Separately,Freight Included in Commodity Cost,8.71
80141,Tanzania,PMO - US,Direct Drop,CIP,Air,21-Oct-09,21-Oct-09,ARV,Adult,BRISTOL-MYERS SQUIBB,SKU0032,"Didanosine EC 400mg [Videx EC], delayed-release capsules, Blister 3 x 10 Caps",Videx EC,30,6900,163323,23.67,0.79,"BMS Meymac, France",See ASN-4974 (ID#:18694),See ASN-4974 (ID#:18694),320.11
80167,Mozambique,PMO - US,Direct Drop,EXW,Air,9-Oct-12,9-Oct-12,HRDT,HIV test,"Trinity Biotech, Plc",SKU0009,"HIV 1/2, Uni-Gold HIV Kit, 20 Tests",Uni-Gold,20,427,13664,32,1.6,"Trinity Biotech, Plc",149,3165.69,19.16
80175,Haiti,PMO - US,Direct Drop,EXW,Ocean,20-Dec-12,20-Dec-12,ARV,Adult,Aurobindo Pharma Limited,SKU0026,"Efavirenz 600mg, tablets, 30 Tabs",Generic,30,35616,126436.8,3.55,0.12,"Aurobindo Unit III, India",See ASN-16560 (ID#:29734),See ASN-16560 (ID#:29734),177.26
80216,South Africa,PMO - US,Direct Drop,DDP,Truck,28-Nov-14,28-Nov-14,ARV,Adult,PHARMACY DIRECT,SKU0134,"Didanosine 400mg, delayed-release capsules, 30 Caps",Generic,30,7,99.53,14.22,0.47,"Aurobindo Unit III, India",Weight Captured Separately,Freight Included in Commodity Cost,0.1
80217,South Africa,PMO - US,Direct Drop,DDP,Air,14-Jul-10,14-Jul-10,ARV,Pediatric,Aurobindo Pharma Limited,SKU0130,"Lamivudine 10mg/ml, oral solution w/syringe, Bottle, 240 ml",Generic,240,11644,34932,3,0.01,"Aurobindo Unit III, India",4442,3283.59,75.31
80250,Vietnam,PMO - US,Direct Drop,EXW,Air,17-May-10,17-May-10,ARV,Adult,MYLAN LABORATORIES LTD (FORMERLY MATRIX LABORATORIES),SKU0029,"Tenofovir Disoproxil Fumarate 300mg, tablets, 30 Tabs",Generic,30,1344,10080,7.5,0.25,Mylan (formerly Matrix) Nashik,86,3573.32,21.73
80270,Mozambique,PMO - US,Direct Drop,EXW,Air,9-Oct-13,9-Oct-13,ARV,Adult,STRIDES ARCOLAB LIMITED,SKU0104,"Lamivudine/Stavudine 150/30mg, tablets, 60 Tabs",Generic,60,13168,38450.56,2.92,0.05,"Strides, Bangalore, India.",834,3574.24,47.56
80275,South Africa,PMO - US,Direct Drop,DDP,Truck,24-Aug-09,24-Aug-09,ARV,Adult,S. BUYS WHOLESALER,SKU0053,"Emtricitabine/Tenofovir Disoproxil Fumarate 200/300mg [Truvada], tablets, 30 Tabs",Truvada,30,200,9049.25,45.25,1.51,"Aspen-OSD, Port Elizabeth, SA",Weight Captured Separately,Freight Included in Commodity Cost,17.74
80299,Namibia,PMO - US,Direct Drop,EXW,Air,22-Mar-12,22-Mar-12,HRDT,HIV test,"Orgenics, Ltd",SKU0017,"HIV 1/2, Determine HIV Kit, without Lancets, 100 Tests",Determine,100,150,11655,77.7,0.78,Inverness Japan,35,840.46,16.34
80329,"Congo, DRC",PMO - US,Direct Drop,EXW,Air,7-Dec-12,7-Dec-12,ANTM,Malaria,AMSTELFARMA B.V.,SKU0088,"Sulfadoxine/Pyrimethamine 500/25mg, tablets, 1000 Tabs",Generic,1000,602,15230.6,25.3,0.03,"Micro Labs, Hosur, India",488,7393.13,21.35
80343,South Sudan,PMO - US,Direct Drop,EXW,Air,20-Sep-13,20-Sep-13,HRDT,HIV test - Ancillary,"Orgenics, Ltd",SKU0084,"Capillary Tubes, for Determine, EDTA, 50uL,100 Pcs",Determine,100,115,920,8,0.08,"Alere Medical Co., Ltd.",See ASN-20331 (ID#:34113),See ASN-20331 (ID#:34113),1.14
80363,Uganda,PMO - US,Direct Drop,EXW,Air,27-Feb-14,27-Feb-14,ARV,Pediatric,Aurobindo Pharma Limited,SKU0120,"Nevirapine 50mg, dispersible tablets (tablets for oral suspension), 30 Tabs",Generic,30,1200,1500,1.25,0.04,"Aurobindo Unit III, India",64,896.35,1.54
80394,"Congo, DRC",PMO - US,Direct Drop,EXW,Air,1-Mar-13,1-Mar-13,HRDT,HIV test,"Trinity Biotech, Plc",SKU0009,"HIV 1/2, Uni-Gold HIV Kit, 20 Tests",Uni-Gold,20,292,9344,32,1.6,"Trinity Biotech, Plc",99,2162.55,13.1
80399,Zimbabwe,PMO - US,Direct Drop,EXW,Air Charter,23-Jul-14,23-Jul-14,ARV,Adult,Aurobindo Pharma Limited,SKU0107,"Lamivudine/Tenofovir Disoproxil Fumarate 300/300mg, tablets, 30 Tabs",Generic,30,28899,134380.35,4.65,0.16,"Aurobindo Unit VII, IN",2846,19557.01,138.14
80423,Uganda,PMO - US,Direct Drop,EXW,Air,31-Dec-10,31-Dec-10,ARV,Adult,ASPEN PHARMACARE,SKU0139,"Darunavir 300mg [Prezista], tablets, 120 Tabs",Prezista,120,175,15750,90,0.75,"Aspen-OSD, Port Elizabeth, SA",37,1333.01,25.99
80470,Vietnam,PMO - US,Direct Drop,FCA,Air,17-May-13,17-May-13,ARV,Adult,ABBVIE LOGISTICS (FORMERLY ABBOTT LOGISTICS BV),SKU0008,"Lopinavir/Ritonavir 200/50mg [Aluvia], tablets, 120 Tabs",Aluvia,120,1114,67753.48,60.82,0.51,ABBVIE Ludwigshafen Germany,266,6568.7,83.81
80473,South Africa,PMO - US,Direct Drop,DDP,Truck,5-Feb-14,5-Feb-14,ARV,Pediatric,S. BUYS WHOLESALER,SKU0042,"Lopinavir/Ritonavir 80/20mg/ml [Kaletra], oral solution, cool, Bottle 5 x 60 ml",Kaletra,300,8,185,23.12,0.08,ABBVIE (Abbott) Logis. UK,Weight Captured Separately,Freight Included in Commodity Cost,0.23
80526,Rwanda,PMO - US,Direct Drop,FCA,Air,16-Jul-14,16-Jul-14,ARV,Pediatric,LAWRENCE LABORATORIES (SUBSIDIARY OF BRISTOL MYERS SQUIBB),SKU0144,"Atazanavir 150mg [Reyataz], capsules, 60 Caps",Reyataz,60,208,7040.8,33.85,0.56,"BMS Evansville, US",16,957.88,7.24
80528,South Africa,PMO - US,Direct Drop,DDP,Truck,8-Oct-09,8-Oct-09,ARV,Adult,S. BUYS WHOLESALER,SKU0003,"Lamivudine 150mg, tablets, 60 Tabs",Generic,60,808,8268.79,10.23,0.17,"Aurobindo Unit III, India",Weight Captured Separately,Freight Included in Commodity Cost,16.21
80559,Uganda,PMO - US,Direct Drop,EXW,Air,9-Nov-12,9-Nov-12,ARV,Adult,MYLAN LABORATORIES LTD (FORMERLY MATRIX LABORATORIES),SKU0119,"Atazanavir/Ritonavir 300/100mg, tablets, 30 Tabs",Generic,30,170,3825,22.5,0.75,Mylan (formerly Matrix) Nashik,22,1051.5,5.36
80616,Côte d'Ivoire,PMO - US,Direct Drop,FCA,Air,30-Jun-11,30-Jun-11,ARV,Adult,ABBVIE LOGISTICS (FORMERLY ABBOTT LOGISTICS BV),SKU0008,"Lopinavir/Ritonavir 200/50mg [Aluvia], tablets, 120 Tabs",Aluvia,120,9517,320722.9,33.7,0.28,ABBVIE Ludwigshafen Germany,2368,17068.85,529.19
80639,Haiti,PMO - US,Direct Drop,EXW,Air,26-Feb-15,26-Feb-15,ARV,Adult,HETERO LABS LIMITED,SKU0026,"Efavirenz 600mg, tablets, 30 Tabs",Generic,30,56352,197232,3.5,0.12,"Hetero, Jadcherla, unit 5, IN",4792,30046.84,202.75
80665,Swaziland,PMO - US,Direct Drop,EXW,Air,16-Nov-11,16-Nov-11,ARV,Adult,MYLAN LABORATORIES LTD (FORMERLY MATRIX LABORATORIES),SKU0113,"Efavirenz/Lamivudine/Tenofovir Disoproxil Fumarate 600/300/300mg, tablets, 30 Tabs",Generic,30,41700,587970,14.1,0.47,Mylan (formerly Matrix) Nashik,4900,29478.42,970.15
80668,Tanzania,PMO - US,Direct Drop,FCA,Air,18-Jul-13,18-Jul-13,ARV,Pediatric,ABBVIE LOGISTICS (FORMERLY ABBOTT LOGISTICS BV),SKU0045,"Lopinavir/Ritonavir 100/25mg [Aluvia], tablets, 60 Tabs",Generic,60,765,4544.1,5.94,0.1,ABBVIE Ludwigshafen Germany,84,1396.04,5.62
80688,Côte d'Ivoire,PMO - US,Direct Drop,EXW,Air,17-Jan-14,17-Jan-14,ARV,Pediatric,Aurobindo Pharma Limited,SKU0065,"Zidovudine 100mg, capsules, 100 Caps",Generic,100,650,2925,4.5,0.04,"Aurobindo Unit III, India",72,1766.56,3.01
80699,Nigeria,PMO - US,Direct Drop,EXW,Air,9-Jan-13,20-Mar-13,HRDT,HIV test,"Orgenics, Ltd",SKU0002,"HIV 1/2, Determine Complete HIV Kit, 100 Tests",Determine,100,2933,261037,89,0.89,"Alere Medical Co., Ltd.",1271,26859.39,365.97
80704,"Congo, DRC",PMO - US,Direct Drop,EXW,Air,23-Jul-15,23-Jul-15,HRDT,HIV test,"Orgenics, Ltd",SKU0002,"HIV 1/2, Determine Complete HIV Kit, 100 Tests",Determine,100,368,29440,80,0.8,"Alere Medical Co., Ltd.",See ASN-32231 (ID#:13648),See ASN-32231 (ID#:13648),34.65
80710,Uganda,PMO - US,Direct Drop,EXW,Air,29-Apr-13,29-Apr-13,HRDT,HIV test - Ancillary,"Orgenics, Ltd",SKU0022,"HIV, Lancet, Safety, for HIV Test kits, 100 Pcs",Generic,100,1000,5000,5,0.05,INVERNESS ANY,See ASN-18722 (ID#:71773),See ASN-18722 (ID#:71773),6.18
80730,Zimbabwe,PMO - US,Direct Drop,EXW,Air Charter,14-Jun-14,14-Jun-14,ARV,Adult,STRIDES ARCOLAB LIMITED,SKU0007,"Nevirapine 200mg, tablets, 60 Tabs",Generic,60,7000,15400,2.2,0.04,"Strides, Bangalore, India.",437,11814.57,15.83
80767,South Africa,PMO - US,Direct Drop,DDP,Ocean,23-Feb-11,11-Mar-11,ARV,Adult,CIPLA LIMITED,SKU0029,"Tenofovir Disoproxil Fumarate 300mg, tablets, 30 Tabs",Generic,30,12722,89435.66,7.03,0.23,"Cipla, Goa, India",875,6038.22,192.82
80804,Zambia,PMO - US,Direct Drop,EXW,Air,6-Nov-13,6-Nov-13,HRDT,HIV test,"Orgenics, Ltd",SKU0002,"HIV 1/2, Determine Complete HIV Kit, 100 Tests",Determine,100,4000,320000,80,0.8,"Alere Medical Co., Ltd.",1623,20644.03,395.84
80819,Haiti,PMO - US,Direct Drop,EXW,Air,23-Jul-15,23-Jul-15,ARV,Adult,EMCURE PHARMACEUTICALS LTD,SKU0119,"Atazanavir/Ritonavir 300/100mg, tablets, 30 Tabs",Generic,30,4846,87228,18,0.6,"Emcure Plot No.P-2, I.T-B.T. Park, Phase II, MIDC, Hinjwadi, Pune, India",Weight Captured Separately,Invoiced Separately,89.67
80842,South Africa,PMO - US,Direct Drop,DDP,Truck,27-Aug-14,27-Aug-14,ARV,Adult,S. BUYS WHOLESALER,SKU0007,"Nevirapine 200mg, tablets, 60 Tabs",Generic,60,57,1123.94,19.72,0.33,"Aurobindo Unit III, India",Weight Captured Separately,Freight Included in Commodity Cost,1.39
80860,Côte d'Ivoire,PMO - US,Direct Drop,FCA,Air,8-Feb-10,8-Feb-10,ARV,Adult,ABBVIE LOGISTICS (FORMERLY ABBOTT LOGISTICS BV),SKU0008,"Lopinavir/Ritonavir 200/50mg [Aluvia], tablets, 120 Tabs",Aluvia,120,6000,216960,36.16,0.3,ABBVIE Ludwigshafen Germany,1523,10051.89,425.24
80864,Zambia,PMO - US,Direct Drop,EXW,Air,5-May-15,5-May-15,HRDT,HIV test,"Orgenics, Ltd",SKU0002,"HIV 1/2, Determine Complete HIV Kit, 100 Tests",Determine,100,6137,490960,80,0.8,"Alere Medical Co., Ltd.",2492,32728.96,504.71
80872,Côte d'Ivoire,PMO - US,Direct Drop,EXW,Air,30-Apr-14,30-Apr-14,HRDT,HIV test,"Standard Diagnostics, Inc.",SKU0019,"HIV 1/2, Bioline 3.0 Kit, Lancets, Capillary pipets, Alcohol swabs included, 25 Tests",Bioline,25,1400,28700,20.5,0.82,"Standard Diagnostics, Korea",469,5463.16,35.5
80892,South Africa,PMO - US,Direct Drop,DDP,Truck,24-Aug-09,24-Aug-09,ARV,Pediatric,S. BUYS WHOLESALER,SKU0049,"Efavirenz 50mg, capsule, 30 Caps",Generic,30,300,1213.12,4.04,0.13,"Aurobindo Unit III, India",Weight Captured Separately,Freight Included in Commodity Cost,2.38
80918,South Africa,PMO - US,Direct Drop,DDP,Truck,19-Nov-09,19-Nov-09,ARV,Adult,S. BUYS WHOLESALER,SKU0032,"Didanosine EC 400mg [Videx EC], delayed-release capsules, Blister 3 x 10 Caps",Videx EC,30,190,1581.34,8.32,0.28,"BMS Meymac, France",Weight Captured Separately,Freight Included in Commodity Cost,3.1
80924,South Africa,PMO - US,Direct Drop,DDP,Truck,29-Aug-14,29-Aug-14,ARV,Adult,S. BUYS WHOLESALER,SKU0044,"Lamivudine/Nevirapine/Stavudine 150/200/30mg, tablets, 60 Tabs",Generic,60,13,393.18,30.24,0.5,"Cipla, Goa, India",Weight Captured Separately,Freight Included in Commodity Cost,0.49
80925,South Africa,PMO - US,Direct Drop,DDP,Truck,24-Aug-15,24-Aug-15,ARV,Pediatric,PHARMACY DIRECT,SKU0071,"Abacavir 20mg/ml, oral solution, Bottle, 240 ml",Generic,240,21,398.98,19,0.08,"Aurobindo Unit III, India",Weight Captured Separately,Freight Included in Commodity Cost,0.41
81011,South Africa,PMO - US,Direct Drop,DDP,Truck,17-Feb-14,17-Feb-14,ARV,Adult,PHARMACY DIRECT,SKU0021,"Tenofovir Disoproxil Fumarate 300mg [Viread], tablets, 30 Tabs",Viread,30,2500,47371.85,18.95,0.63,"Aspen-OSD, Port Elizabeth, SA",Weight Captured Separately,Freight Included in Commodity Cost,58.6
81018,Zimbabwe,PMO - US,Direct Drop,FCA,Air,19-Jun-13,19-Jun-13,ARV,Pediatric,ABBVIE LOGISTICS (FORMERLY ABBOTT LOGISTICS BV),SKU0042,"Lopinavir/Ritonavir 80/20mg/ml [Kaletra], oral solution, cool, Bottle 5 x 60 ml",Kaletra,300,2346,72303.72,30.82,0.1,ABBVIE (Abbott) Logis. UK,2172,31073.95,101.37
81020,Nigeria,PMO - US,Direct Drop,FCA,Air,17-May-10,17-May-10,ARV,Adult,ABBVIE LOGISTICS (FORMERLY ABBOTT LOGISTICS BV),SKU0052,"Ritonavir 100mg [Norvir], capsules, cool, 4 x 84 Caps",Norvir,336,50,1918,38.36,0.11,ABBVIE (Abbott) Logis. UK,154,1176.03,4.14
81031,Rwanda,PMO - US,Direct Drop,FCA,Air,26-Mar-15,26-Mar-15,ARV,Pediatric,ABBVIE LOGISTICS (FORMERLY ABBOTT LOGISTICS BV),SKU0042,"Lopinavir/Ritonavir 80/20mg/ml [Kaletra], oral solution, cool, Bottle 5 x 60 ml",Kaletra,300,86,2650.52,30.82,0.1,ABBVIE (Abbott) Logis. UK,100,1952.77,2.72
81050,Uganda,PMO - US,Direct Drop,EXW,Ocean,7-Nov-13,7-Nov-13,ARV,Adult,STRIDES ARCOLAB LIMITED,SKU0026,"Efavirenz 600mg, tablets, 30 Tabs",Generic,30,63652,203049.88,3.19,0.11,"Strides, Bangalore, India.",3963,12961.76,251.17
81061,South Africa,PMO - US,Direct Drop,DDP,Truck,3-Oct-14,3-Oct-14,ARV,Adult,PHARMACY DIRECT,SKU0027,"Saquinavir 200mg [Invirase], capsules, 270 Caps",Invirase,270,30,2304.67,76.82,0.28,Roche Basel,Weight Captured Separately,Freight Included in Commodity Cost,2.37
81077,Vietnam,PMO - US,Direct Drop,EXW,Air,10-Mar-15,10-Mar-15,ARV,Adult,HETERO LABS LIMITED,SKU0007,"Nevirapine 200mg, tablets, 60 Tabs",Generic,60,4300,9288,2.16,0.04,Hetero Unit III Hyderabad IN,See ASN-30320 (ID#:53759),See ASN-30320 (ID#:53759),10.93
81083,Côte d'Ivoire,PMO - US,Direct Drop,FCA,Air,8-Oct-09,8-Oct-09,ARV,Adult,ABBVIE LOGISTICS (FORMERLY ABBOTT LOGISTICS BV),SKU0008,"Lopinavir/Ritonavir 200/50mg [Aluvia], tablets, 120 Tabs",Aluvia,120,7600,274816,36.16,0.3,ABBVIE Ludwigshafen Germany,See ASN-4979 (ID#:21174),See ASN-4979 (ID#:21174),538.64
81121,Côte d'Ivoire,PMO - US,Direct Drop,EXW,Air,1-Dec-14,1-Dec-14,ARV,Adult,MYLAN LABORATORIES LTD (FORMERLY MATRIX LABORATORIES),SKU0119,"Atazanavir/Ritonavir 300/100mg, tablets, 30 Tabs",Generic,30,1000,20000,20,0.67,Mylan (formerly Matrix) Nashik,140,2782.77,20.56
81132,Côte d'Ivoire,PMO - US,Direct Drop,FCA,Air,27-Feb-13,27-Feb-13,ARV,Pediatric,ABBVIE LOGISTICS (FORMERLY ABBOTT LOGISTICS BV),SKU0042,"Lopinavir/Ritonavir 80/20mg/ml [Kaletra], oral solution, cool, Bottle 5 x 60 ml",Kaletra,300,320,9862.4,30.82,0.1,ABBVIE (Abbott) Logis. UK,326,3852.86,12.2
81197,Botswana,PMO - US,Direct Drop,EXW,Air,23-Nov-09,23-Nov-09,HRDT,HIV test - Ancillary,Orasure Technologies Inc.,SKU0096,"#109435**HIV, OraQuick Controls Kit, 3 Vials",OraQuick,3,10,250,25,8.33,"Orasure Technologies, Inc USA",6,337.89,0.49
81200,South Africa,PMO - US,Direct Drop,DDP,Truck,12-May-10,12-May-10,ARV,Adult,S. BUYS WHOLESALER,SKU0033,"Abacavir 300mg [Ziagen], tablets, Blister 6 x 10 Tabs",Ziagen,60,200,7781.51,38.91,0.65,GSK Ware (UK),Weight Captured Separately,Freight Included in Commodity Cost,16.78
81252,Kenya,PMO - US,Direct Drop,DAP,Air,6-Feb-12,6-Feb-12,HRDT,HIV test,MEDMIRA EAST AFRICA LTD.,SKU0000,"HIV, Reveal G3 Rapid HIV-1 Antibody Test, 30 Tests",Reveal,30,50,2550,51,1.7,MedMira Inc.,Weight Captured Separately,Freight Included in Commodity Cost,3.58
81253,South Africa,PMO - US,Direct Drop,DDP,Truck,24-Jul-15,24-Jul-15,ARV,Pediatric,PHARMACY DIRECT,SKU0071,"Abacavir 20mg/ml, oral solution, Bottle, 240 ml",Generic,240,8,141.69,17.71,0.07,"Aurobindo Unit III, India",Weight Captured Separately,Freight Included in Commodity Cost,0.15
81254,Haiti,PMO - US,Direct Drop,EXW,Ocean,13-Mar-15,13-Mar-15,ARV,Pediatric,Aurobindo Pharma Limited,SKU0071,"Abacavir 20mg/ml, oral solution, Bottle, 240 ml",Generic,240,300,2049,6.83,0.03,"Aurobindo Unit III, India",See ASN-30183 (ID#:51410),See ASN-30183 (ID#:51410),2.11
81293,Kenya,PMO - US,Direct Drop,EXW,Air,7-Jan-10,7-Jan-10,HRDT,HIV test,"Standard Diagnostics, Inc.",SKU0019,"HIV 1/2, Bioline 3.0 Kit, Lancets, Capillary pipets, Alcohol swabs included, 25 Tests",Bioline,25,8525,170500,20,0.8,"Standard Diagnostics, Korea",2842,21825.6,334.18
81352,South Africa,PMO - US,Direct Drop,DDP,Truck,12-Aug-09,12-Aug-09,ARV,Pediatric,S. BUYS WHOLESALER,SKU0042,"Lopinavir/Ritonavir 80/20mg/ml [Kaletra], oral solution, cool, Bottle 5 x 60 ml",Kaletra,300,540,23535.6,43.58,0.15,ABBVIE (Abbott) Logis. UK,Weight Captured Separately,Freight Included in Commodity Cost,46.13
81358,Zimbabwe,PMO - US,Direct Drop,FCA,Air,8-Nov-12,8-Nov-12,ARV,Pediatric,ABBVIE LOGISTICS (FORMERLY ABBOTT LOGISTICS BV),SKU0042,"Lopinavir/Ritonavir 80/20mg/ml [Kaletra], oral solution, cool, Bottle 5 x 60 ml",Kaletra,300,1500,46230,30.82,0.1,ABBVIE (Abbott) Logis. UK,1374,15504.4,64.81
81361,South Africa,PMO - US,Direct Drop,DDP,Truck,12-Aug-09,14-Aug-09,ARV,Pediatric,S. BUYS WHOLESALER,SKU0042,"Lopinavir/Ritonavir 80/20mg/ml [Kaletra], oral solution, cool, Bottle 5 x 60 ml",Kaletra,300,710,30944.95,43.58,0.15,ABBVIE (Abbott) Logis. UK,Weight Captured Separately,Freight Included in Commodity Cost,60.65
81380,South Africa,PMO - US,Direct Drop,DDP,Air,24-Aug-10,24-Aug-10,ARV,Adult,Aurobindo Pharma Limited,SKU0026,"Efavirenz 600mg, tablets, 30 Tabs",Generic,30,53234,248602.78,4.67,0.16,"Aurobindo Unit III, India",4507,5886.96,535.99
81396,Rwanda,PMO - US,Direct Drop,EXW,Air,27-Aug-15,27-Aug-15,ARV,Adult,EMCURE PHARMACEUTICALS LTD,SKU0119,"Atazanavir/Ritonavir 300/100mg, tablets, 30 Tabs",Generic,30,24666,443988,18,0.6,"Emcure Plot No.P-2, I.T-B.T. Park, Phase II, MIDC, Hinjwadi, Pune, India",See ASN-33614 (ID#:36005),See ASN-33614 (ID#:36005),456.42
81405,Ghana,PMO - US,Direct Drop,EXW,Air,12-Jun-14,12-Jun-14,ARV,Pediatric,Aurobindo Pharma Limited,SKU0049,"Efavirenz 50mg, capsule, 30 Caps",Generic,30,14802,23091.12,1.56,0.05,"Aurobindo Unit III, India",951,7326.62,23.74
81421,South Africa,PMO - US,Direct Drop,DDP,Ocean,9-Feb-11,9-Feb-11,ARV,Adult,CIPLA LIMITED,SKU0029,"Tenofovir Disoproxil Fumarate 300mg, tablets, 30 Tabs",Generic,30,58423,410713.69,7.03,0.23,"Cipla, Goa, India",4007,6639.33,885.5
81450,Vietnam,PMO - US,Direct Drop,EXW,Air,2-Apr-13,2-Apr-13,ARV,Adult,HETERO LABS LIMITED,SKU0058,"Abacavir 300mg, tablets, 60 Tabs",Generic,60,293,3779.7,12.9,0.22,Hetero Unit III Hyderabad IN,See ASN-18664 (ID#:19406),See ASN-18664 (ID#:19406),4.68
81454,Guatemala,PMO - US,Direct Drop,DDU,Air,21-May-12,21-May-12,ARV,Pediatric,IDIS LIMITED,SKU0028,"Didanosine 25mg [Videx], chewable tablets, 60 Tabs",Videx,60,228,10401.36,45.62,0.76,Bristol-Myers Squibb Anagni IT,Weight Captured Separately,Freight Included in Commodity Cost,17.16
81456,Haiti,PMO - US,Direct Drop,EXW,Air,21-Apr-15,21-Apr-15,HRDT,HIV test,"SHANGHAI KEHUA BIOENGINEERING CO.,LTD.  (KHB)",SKU0063,"HIV 1/2, SKB Colloidal Gold, Diagnostic Kit, Antibody, 50 Tests",Colloidal Gold,1,1600,39200,24.5,24.5,"KHB Test Kit Facility, Shanghai China",1130,10893.85,46.14
81477,South Africa,PMO - US,Direct Drop,DDP,Ocean,3-Dec-10,3-Dec-10,ARV,Adult,Aurobindo Pharma Limited,SKU0003,"Lamivudine 150mg, tablets, 60 Tabs",Generic,60,75000,181500,2.42,0.04,"Aurobindo Unit III, India",2915,6012.42,391.31
81495,Haiti,PMO - US,Direct Drop,EXW,Air,12-Nov-10,12-Nov-10,HRDT,HIV test,"SHANGHAI KEHUA BIOENGINEERING CO.,LTD.  (KHB)",SKU0063,"HIV 1/2, SKB Colloidal Gold, Diagnostic Kit, Antibody, 50 Tests",Colloidal Gold,1,40,920,23,23,"KHB Test Kit Facility, Shanghai China",30,835.01,1.98
81496,Vietnam,PMO - US,Direct Drop,EXW,Air,13-Dec-13,13-Dec-13,ARV,Adult,CIPLA LIMITED,SKU0054,"Lamivudine/Nevirapine/Zidovudine 150/200/300mg, tablets, 60 Tabs",Generic,60,6238,50527.8,8.1,0.13,"Cipla, Goa, India",866,1464.24,62.5
81509,South Sudan,PMO - US,Direct Drop,EXW,Air,3-Oct-14,3-Oct-14,HRDT,HIV test,"Orgenics, Ltd",SKU0002,"HIV 1/2, Determine Complete HIV Kit, 100 Tests",Determine,100,350,31150,89,0.89,"Alere Medical Co., Ltd.",See ASN-27328 (ID#:27829),See ASN-27328 (ID#:27829),32.02
81521,South Africa,PMO - US,Direct Drop,DDP,Ocean,9-Feb-11,14-Mar-11,ARV,Adult,CIPLA LIMITED,SKU0029,"Tenofovir Disoproxil Fumarate 300mg, tablets, 30 Tabs",Generic,30,57577,404766.31,7.03,0.23,"Cipla, Goa, India",3950,6639.35,872.68
81535,Haiti,PMO - US,Direct Drop,EXW,Air,23-Jun-14,23-Jun-14,HRDT,HIV test,"SHANGHAI KEHUA BIOENGINEERING CO.,LTD.  (KHB)",SKU0063,"HIV 1/2, SKB Colloidal Gold, Diagnostic Kit, Antibody, 50 Tests",Colloidal Gold,1,350,8575,24.5,24.5,"KHB Test Kit Facility, Shanghai China",240,2836.14,8.82
81540,Côte d'Ivoire,PMO - US,Direct Drop,EXW,Air,4-Sep-14,4-Sep-14,HRDT,HIV test,"Standard Diagnostics, Inc.",SKU0019,"HIV 1/2, Bioline 3.0 Kit, Lancets, Capillary pipets, Alcohol swabs included, 25 Tests",Bioline,25,350,7175,20.5,0.82,"Standard Diagnostics, Korea",111,1857.39,7.38
81579,Kenya,PMO - US,Direct Drop,EXW,Air,9-Jul-12,30-Jul-12,HRDT,HIV test,"Orgenics, Ltd",SKU0002,"HIV 1/2, Determine Complete HIV Kit, 100 Tests",Determine,100,4,356,89,0.89,"Alere Medical Co., Ltd.",1413,15387.63,0.5
81581,South Africa,South Africa Field Office,Direct Drop,DDP,Truck,16-Apr-13,16-Apr-13,ARV,Adult,S. BUYS WHOLESALER,SKU0030,"Stavudine 20mg [Zerit], capsules, 60 Caps",Zerit,60,71,367.73,5.18,0.09,Bristol-Myers Squibb Anagni IT,Weight Captured Separately,Freight Included in Commodity Cost,0.45
81603,Zambia,PMO - US,Direct Drop,EXW,Air,23-Jul-14,23-Jul-14,HRDT,HIV test,"Orgenics, Ltd",SKU0002,"HIV 1/2, Determine Complete HIV Kit, 100 Tests",Determine,100,8000,640000,80,0.8,"Alere Medical Co., Ltd.",3247,41461.1,657.92
81627,Vietnam,PMO - US,Direct Drop,EXW,Air,13-Sep-11,13-Sep-11,ARV,Adult,HETERO LABS LIMITED,SKU0026,"Efavirenz 600mg, tablets, 30 Tabs",Generic,30,30000,123900,4.13,0.14,Hetero Unit III Hyderabad IN,2957,14589.33,204.44
81639,South Africa,PMO - US,Direct Drop,DDP,Truck,27-Aug-14,27-Aug-14,ARV,Pediatric,S. BUYS WHOLESALER,SKU0145,"Abacavir 20mg/ml, oral solution w/syringe, Bottle, 240 ml",Generic,240,35,959.72,27.42,0.11,"Aurobindo Unit III, India",Weight Captured Separately,Freight Included in Commodity Cost,1.19
81651,Côte d'Ivoire,PMO - US,Direct Drop,EXW,Air,17-Jul-14,17-Jul-14,HRDT,HIV test,"CHEMBIO DIAGNOSTIC SYSTEMS, INC.",SKU0016,"HIV 1/2, Stat-Pak HIV, Kit, 20 Tests",Stat-Pak,20,600,18600,31,1.55,Chembio Diagnostics Sys. Inc.,172,Freight Included in Commodity Cost,19.12
81653,South Africa,PMO - US,Direct Drop,DDP,Truck,7-Feb-14,7-Feb-14,ARV,Adult,S. BUYS WHOLESALER,SKU0008,"Lopinavir/Ritonavir 200/50mg [Aluvia], tablets, 120 Tabs",Aluvia,120,57,1468.3,25.76,0.21,ABBVIE Ludwigshafen Germany,Weight Captured Separately,Freight Included in Commodity Cost,1.82
81698,Vietnam,PMO - US,Direct Drop,EXW,Air,15-Mar-10,15-Mar-10,ARV,Adult,Aurobindo Pharma Limited,SKU0054,"Lamivudine/Nevirapine/Zidovudine 150/200/300mg, tablets, 60 Tabs",Generic,60,12700,141605,11.15,0.19,"Aurobindo Unit III, India",1572,13479.25,277.55
81700,South Africa,PMO - US,Direct Drop,DDP,Air,7-Sep-10,20-Sep-10,ARV,Adult,Aurobindo Pharma Limited,SKU0026,"Efavirenz 600mg, tablets, 30 Tabs",Generic,30,31875,148856.25,4.67,0.16,"Aurobindo Unit III, India",3005,4263.07,320.93
81726,Vietnam,PMO - US,Direct Drop,EXW,Air,13-Jul-13,13-Jul-13,ARV,Adult,MYLAN LABORATORIES LTD (FORMERLY MATRIX LABORATORIES),SKU0113,"Efavirenz/Lamivudine/Tenofovir Disoproxil Fumarate 600/300/300mg, tablets, 30 Tabs",Generic,30,2865,32918.85,11.49,0.38,Mylan (formerly Matrix) Nashik,332,6973.87,40.72
81739,South Africa,PMO - US,Direct Drop,DDP,Truck,24-Aug-15,24-Aug-15,ARV,Adult,PHARMACY DIRECT,SKU0011,"Lamivudine/Zidovudine 150/300mg, tablets, 60 Tabs",Generic,60,26,597.92,23,0.38,"Aurobindo Unit III, India",Weight Captured Separately,Freight Included in Commodity Cost,0.61
81747,Mozambique,PMO - US,Direct Drop,EXW,Air,2-May-14,2-May-14,ARV,Adult,HETERO LABS LIMITED,SKU0054,"Lamivudine/Nevirapine/Zidovudine 150/200/300mg, tablets, 60 Tabs",Generic,60,24816,201257.76,8.11,0.14,Hetero Unit III Hyderabad IN,3392,16835.52,206.89
81753,Zimbabwe,PMO - US,Direct Drop,FCA,Air,19-Mar-15,19-Mar-15,ARV,Pediatric,ABBVIE LOGISTICS (FORMERLY ABBOTT LOGISTICS BV),SKU0042,"Lopinavir/Ritonavir 80/20mg/ml [Kaletra], oral solution, cool, Bottle 5 x 60 ml",Kaletra,300,6490,200021.8,30.82,0.1,ABBVIE (Abbott) Logis. UK,5747,50104.34,235.43
81757,Mozambique,PMO - US,Direct Drop,EXW,Air,20-Jun-12,20-Jun-12,HRDT,HIV test,"Trinity Biotech, Plc",SKU0009,"HIV 1/2, Uni-Gold HIV Kit, 20 Tests",Uni-Gold,20,7500,240000,32,1.6,"Trinity Biotech, Plc",2440,37115.71,396
81767,Vietnam,PMO - US,Direct Drop,EXW,Air,9-Oct-12,9-Oct-12,ARV,Adult,HETERO LABS LIMITED,SKU0003,"Lamivudine 150mg, tablets, 60 Tabs",Generic,60,37366,78468.6,2.1,0.04,Hetero Unit III Hyderabad IN,2162,3324.85,110.01
81769,South Africa,PMO - US,Direct Drop,DDP,Truck,29-Aug-14,29-Aug-14,ARV,Adult,S. BUYS WHOLESALER,SKU0105,"Emtricitabine/Tenofovir Disoproxil Fumarate 200/300mg, tablets, 30 Tabs",Generic,30,302,10065.28,33.33,1.11,"Aurobindo Unit III, India",Weight Captured Separately,Freight Included in Commodity Cost,12.45
81808,Haiti,PMO - US,Direct Drop,EXW,Ocean,9-Jan-15,9-Jan-15,ARV,Adult,MICRO LABS LIMITED,SKU0007,"Nevirapine 200mg, tablets, 60 Tabs",Generic,60,45750,95160,2.08,0.03,"Micro labs, Verna, Goa, India",See ASN-28761 (ID#:38632),See ASN-28761 (ID#:38632),97.82
81823,Mozambique,PMO - US,Direct Drop,FCA,Air,14-Apr-15,14-Apr-15,HRDT,HIV test,BIO-RAD LABORATORIES (FRANCE),SKU0163,"HIV, Multispot HIV-1/HIV-2 Rapid Test Kit, 50 Tests",Multispot,50,80,107651.2,1345.64,26.91,Bio-Rad Laboratories,Weight Captured Separately,Invoiced Separately,126.71
81854,South Africa,PMO - US,Direct Drop,DDP,Ocean,14-Feb-11,9-Mar-11,ARV,Adult,STRIDES ARCOLAB LIMITED,SKU0003,"Lamivudine 150mg, tablets, 60 Tabs",Generic,60,212409,524650.23,2.47,0.04,"Strides, Bangalore, India.",10302,13677.69,1131.15
81855,Ethiopia,PMO - US,Direct Drop,EXW,Air,25-Aug-11,25-Aug-11,ARV,Adult,Aurobindo Pharma Limited,SKU0069,"Didanosine 250mg, delayed-release capsules, 30 Caps",Generic,30,3775,49075,13,0.43,"Aurobindo Unit III, India",257,2325.62,80.97
81888,Nigeria,PMO - US,Direct Drop,EXW,Air,18-Feb-14,13-Feb-14,HRDT,HIV test,"Orgenics, Ltd",SKU0002,"HIV 1/2, Determine Complete HIV Kit, 100 Tests",Determine,100,9363,833307,89,0.89,"Alere Medical Co., Ltd.",3800,58592.54,1030.8
81909,Nigeria,PMO - US,Direct Drop,EXW,Air,7-Nov-13,5-Nov-13,HRDT,HIV test,"Orgenics, Ltd",SKU0002,"HIV 1/2, Determine Complete HIV Kit, 100 Tests",Determine,100,3031,269759,89,0.89,"Alere Medical Co., Ltd.",1231,20705.23,333.69
81920,Haiti,PMO - US,Direct Drop,EXW,Air,4-Oct-12,4-Oct-12,ARV,Pediatric,Aurobindo Pharma Limited,SKU0130,"Lamivudine 10mg/ml, oral solution w/syringe, Bottle, 240 ml",Generic,240,3528,6526.8,1.85,0.01,"Aurobindo Unit III, India",1296,9230.19,9.15
81961,South Africa,South Africa Field Office,Direct Drop,DDP,Truck,16-Apr-13,16-Apr-13,ARV,Adult,S. BUYS WHOLESALER,SKU0004,"Stavudine 30mg, capsules, 60 Caps",Generic,60,9227,37157.67,4.03,0.07,"Aurobindo Unit III, India",Weight Captured Separately,Freight Included in Commodity Cost,45.96
81968,Ethiopia,PMO - US,Direct Drop,EXW,Air,5-Aug-12,5-Aug-12,HRDT,HIV test,"Trinity Biotech, Plc",SKU0009,"HIV 1/2, Uni-Gold HIV Kit, 20 Tests",Uni-Gold,20,167,5344,32,1.6,"Trinity Biotech, Plc",61,925.05,7.49
81971,Guatemala,PMO - US,Direct Drop,CIP,Air,8-Mar-11,8-Mar-11,ARV,Adult,ABBOTT LOGISTICS B.V.,SKU0008,"Lopinavir/Ritonavir 200/50mg [Aluvia], tablets, 120 Tabs",Aluvia,120,2426,203371.58,83.83,0.7,ABBVIE Ludwigshafen Germany,Weight Captured Separately,Freight Included in Commodity Cost,335.56
81988,South Africa,PMO - US,Direct Drop,DDP,Truck,29-Apr-10,29-Apr-10,ARV,Pediatric,AUROBINDO PHARAM (SOUTH AFRICA),SKU0130,"Lamivudine 10mg/ml, oral solution w/syringe, Bottle, 240 ml",Generic,240,16500,50631.92,3.07,0.01,"Aurobindo Unit III, India",Weight Captured Separately,3908.56,109.16
81990,South Africa,PMO - US,Direct Drop,DDP,Truck,27-Aug-14,27-Aug-14,ARV,Adult,S. BUYS WHOLESALER,SKU0105,"Emtricitabine/Tenofovir Disoproxil Fumarate 200/300mg, tablets, 30 Tabs",Generic,30,16,539.58,33.72,1.12,"Aurobindo Unit III, India",Weight Captured Separately,Freight Included in Commodity Cost,0.67
82004,Guyana,PMO - US,Direct Drop,EXW,Air,23-May-12,23-May-12,HRDT,HIV test,"Trinity Biotech, Plc",SKU0009,"HIV 1/2, Uni-Gold HIV Kit, 20 Tests",Uni-Gold,20,1513,48416,32,1.6,"Trinity Biotech, Plc",410,5577.13,67.88
82005,South Africa,PMO - US,Direct Drop,DDP,Ocean,4-Mar-11,4-Mar-11,ARV,Adult,Aurobindo Pharma Limited,SKU0003,"Lamivudine 150mg, tablets, 60 Tabs",Generic,60,130828,316603.76,2.42,0.04,"Aurobindo Unit III, India",6525,10984.82,682.6
82025,South Africa,PMO - US,Direct Drop,DDP,Truck,24-Aug-15,24-Aug-15,ARV,Adult,PHARMACY DIRECT,SKU0003,"Lamivudine 150mg, tablets, 60 Tabs",Generic,60,98,691.06,7.05,0.12,"Aurobindo Unit III, India",Weight Captured Separately,Freight Included in Commodity Cost,0.71
82047,South Africa,PMO - US,Direct Drop,DDP,Truck,24-Aug-15,24-Aug-15,ARV,Adult,PHARMACY DIRECT,SKU0014,"Zidovudine 300mg, tablets, 60 Tabs",Generic,60,15,289.91,19.33,0.32,"Aurobindo Unit III, India",Weight Captured Separately,Freight Included in Commodity Cost,0.3
82052,South Africa,PMO - US,Direct Drop,DDP,Ocean,20-Dec-10,12-Jan-11,ARV,Adult,Aurobindo Pharma Limited,SKU0029,"Tenofovir Disoproxil Fumarate 300mg, tablets, 30 Tabs",Generic,30,11711,80923.01,6.91,0.23,"Aurobindo Unit III, India",1093,5460.48,174.47
82275,Zambia,PMO - US,From RDC,N/A - From RDC,Truck,30-Nov-09,23-Nov-09,ARV,Adult,SCMS from RDC,SKU0026,"Efavirenz 600mg, tablets, 30 Tabs",Generic,30,47227,272972.06,5.78,0.19,"Aurobindo Unit III, India",4959,9973.51,535.03
82058,South Africa,PMO - US,Direct Drop,DDP,Truck,21-Oct-09,21-Oct-09,ARV,Pediatric,S. BUYS WHOLESALER,SKU0060,"Ritonavir 80mg/ml [Norvir], oral solution, cool, Bottle, 90 ml",Norvir,90,6,58.03,9.67,0.11,ABBVIE (Abbott) France,Weight Captured Separately,Freight Included in Commodity Cost,0.11
82062,South Africa,PMO - US,Direct Drop,DDP,Truck,13-Jan-14,13-Jan-14,ARV,Adult,S. BUYS WHOLESALER,SKU0058,"Abacavir 300mg, tablets, 60 Tabs",Generic,60,3,193.74,64.58,1.08,"Aurobindo Unit III, India",Weight Captured Separately,Freight Included in Commodity Cost,0.2
82069,South Africa,PMO - US,Direct Drop,DDP,Truck,31-May-10,31-May-10,ARV,Adult,S. BUYS WHOLESALER,SKU0004,"Stavudine 30mg, capsules, 60 Caps",Generic,60,2000,9240.04,4.62,0.08,"Aurobindo Unit III, India",Weight Captured Separately,Freight Included in Commodity Cost,19.92
82105,Vietnam,PMO - US,Direct Drop,EXW,Air,8-Oct-12,8-Oct-12,ARV,Adult,HETERO LABS LIMITED,SKU0007,"Nevirapine 200mg, tablets, 60 Tabs",Generic,60,8586,20005.38,2.33,0.04,Hetero Unit III Hyderabad IN,544,1454.64,28.05
82125,Zimbabwe,PMO - US,Direct Drop,EXW,Air Charter,17-Sep-14,17-Sep-14,ARV,Adult,HETERO LABS LIMITED,SKU0107,"Lamivudine/Tenofovir Disoproxil Fumarate 300/300mg, tablets, 30 Tabs",Generic,30,15187,70163.94,4.62,0.15,Hetero Unit III Hyderabad IN,See ASN-27582 (ID#:79885),See ASN-27582 (ID#:79885),72.13
82128,South Africa,PMO - US,Direct Drop,DDP,Truck,5-Nov-14,5-Nov-14,ARV,Adult,PHARMACY DIRECT,SKU0007,"Nevirapine 200mg, tablets, 60 Tabs",Generic,60,24,425.93,17.75,0.3,"Aurobindo Unit III, India",Weight Captured Separately,Freight Included in Commodity Cost,0.44
82137,South Africa,PMO - US,Direct Drop,DDP,Air,7-Sep-10,17-Nov-10,ARV,Adult,Aurobindo Pharma Limited,SKU0026,"Efavirenz 600mg, tablets, 30 Tabs",Generic,30,39049,182358.83,4.67,0.16,"Aurobindo Unit III, India",3669,4263.07,393.17
82148,South Sudan,PMO - US,Direct Drop,EXW,Air,2-Jul-15,7-Jul-15,HRDT,HIV test,"Orgenics, Ltd",SKU0002,"HIV 1/2, Determine Complete HIV Kit, 100 Tests",Determine,100,30,2670,89,0.89,"Alere Medical Co., Ltd.",See ASN-32108 (ID#:53922),See ASN-32108 (ID#:53922),3.14
82159,Nigeria,PMO - US,Direct Drop,EXW,Air,31-Aug-15,31-Aug-15,ARV,Pediatric,CIPLA LIMITED,SKU0154,"Abacavir 60mg, dispersible tablets, 60 Tabs",Generic,60,800,3600,4.5,0.08,"Cipla, Patalganga, India",Weight Captured Separately,Invoiced Separately,4.24
82172,Vietnam,PMO - US,Direct Drop,EXW,Air,16-Feb-11,16-Feb-11,ARV,Adult,HETERO LABS LIMITED,SKU0004,"Stavudine 30mg, capsules, 60 Caps",Generic,60,15572,22579.4,1.45,0.02,Hetero Unit III Hyderabad IN,See ASN-9408 (ID#:39263),See ASN-9408 (ID#:39263),48.68
82177,Vietnam,PMO - US,Direct Drop,EXW,Air,17-Dec-14,17-Dec-14,ARV,Adult,HETERO LABS LIMITED,SKU0026,"Efavirenz 600mg, tablets, 30 Tabs",Generic,30,5000,17500,3.5,0.12,Hetero Unit III Hyderabad IN,See ASN-29372 (ID#:71477),See ASN-29372 (ID#:71477),17.99
82203,Haiti,PMO - US,Direct Drop,FCA,Air,11-Apr-13,11-Apr-13,ARV,Pediatric,LAWRENCE LABORATORIES (SUBSIDIARY OF BRISTOL MYERS SQUIBB),SKU0015,"Didanosine 2g [Videx], powder for oral solution 10mg/ml, reconstitute to 200 ml",Videx,200,98,1233.82,12.59,0.06,Bristol-Myers Squibb Anagni IT,22,817.99,1.53
82256,South Africa,PMO - US,Direct Drop,DDP,Truck,29-Oct-09,27-Oct-09,ARV,Adult,S. BUYS WHOLESALER,SKU0067,"Nevirapine 200mg [Viramune], tablets, 60 Tabs",Viramune,60,2400,48739.72,20.31,0.34,"Boehringer Ing., Koropi, GR",Weight Captured Separately,Freight Included in Commodity Cost,95.53
82271,Uganda,PMO - US,From RDC,N/A - From RDC,Air,8-Oct-09,8-Oct-09,ARV,Adult,SCMS from RDC,SKU0011,"Lamivudine/Zidovudine 150/300mg, tablets, 60 Tabs",Generic,60,400,3504,8.76,0.15,"Aurobindo Unit III, India",70,1764.84,6.87
82272,Nigeria,PMO - US,From RDC,N/A - From RDC,Air Charter,30-Oct-09,20-Oct-09,ARV,Adult,SCMS from RDC,SKU0007,"Nevirapine 200mg, tablets, 60 Tabs",Generic,60,318,922.2,2.9,0.05,"Aurobindo Unit III, India",105,9341.59,1.81
82273,Côte d'Ivoire,PMO - US,From RDC,N/A - From RDC,Air,23-Oct-09,23-Oct-09,ARV,Adult,SCMS from RDC,SKU0007,"Nevirapine 200mg, tablets, 60 Tabs",Generic,60,2600,7540,2.9,0.05,Hetero Unit III Hyderabad IN,373,4266.24,14.78
82274,Zimbabwe,PMO - US,From RDC,N/A - From RDC,Truck,15-Nov-09,9-Nov-09,ARV,Adult,SCMS from RDC,SKU0044,"Lamivudine/Nevirapine/Stavudine 150/200/30mg, tablets, 60 Tabs",Generic,60,76000,506160,6.66,0.11,"Cipla, Goa, India",8701,15332.68,992.07
82276,Nigeria,PMO - US,From RDC,N/A - From RDC,Air Charter,18-Dec-09,18-Dec-09,ARV,Adult,SCMS from RDC,SKU0014,"Zidovudine 300mg, tablets, 60 Tabs",Generic,60,1697,12778.41,7.53,0.13,"Aurobindo Unit III, India",6725,33279.39,25.05
82277,Côte d'Ivoire,PMO - US,From RDC,N/A - From RDC,Air,10-Dec-09,2-Dec-09,ARV,Adult,SCMS from RDC,SKU0104,"Lamivudine/Stavudine 150/30mg, tablets, 60 Tabs",Generic,60,1060,4028,3.8,0.06,"Strides, Bangalore, India.",56,1211.48,7.89
82278,Côte d'Ivoire,PMO - US,From RDC,N/A - From RDC,Air,2-Dec-09,2-Dec-09,ARV,Adult,SCMS from RDC,SKU0004,"Stavudine 30mg, capsules, 60 Caps",Generic,60,1260,1839.6,1.46,0.02,"Aurobindo Unit III, India",82,1211.48,3.61
82279,Côte d'Ivoire,PMO - US,From RDC,N/A - From RDC,Air,9-Dec-09,27-Nov-09,ARV,Adult,SCMS from RDC,SKU0003,"Lamivudine 150mg, tablets, 60 Tabs",Generic,60,5907,14413.08,2.44,0.04,"Aurobindo Unit III, India",283,4969.95,28.25
82280,Uganda,PMO - US,From RDC,N/A - From RDC,Air,15-Jan-10,10-Dec-09,ARV,Adult,SCMS from RDC,SKU0014,"Zidovudine 300mg, tablets, 60 Tabs",Generic,60,4730,35616.9,7.53,0.13,"Aurobindo Unit III, India",260,1898.84,69.81
82281,Mozambique,PMO - US,From RDC,N/A - From RDC,Air,19-Jan-10,26-Jan-10,ARV,Adult,SCMS from RDC,SKU0014,"Zidovudine 300mg, tablets, 60 Tabs",Generic,60,92,709.32,7.71,0.13,"Aurobindo Unit III, India",363,1816.73,1.39
82282,Zambia,PMO - US,From RDC,N/A - From RDC,Truck,15-Jan-10,9-Dec-09,ARV,Adult,SCMS from RDC,SKU0014,"Zidovudine 300mg, tablets, 60 Tabs",Generic,60,10000,75300,7.53,0.13,"Aurobindo Unit III, India",546,2412.99,147.59
82283,Uganda,PMO - US,From RDC,N/A - From RDC,Air,15-Jan-10,22-Jan-10,ARV,Adult,SCMS from RDC,SKU0054,"Lamivudine/Nevirapine/Zidovudine 150/200/300mg, tablets, 60 Tabs",Generic,60,59,661.98,11.22,0.19,Mylan (formerly Matrix) Nashik,12,1311,1.3
82284,Haiti,PMO - US,From RDC,N/A - From RDC,Air,11-Jan-10,8-Jan-10,ARV,Pediatric,SCMS from RDC,SKU0005,"Zidovudine 10mg/ml, oral solution, Bottle, 240 ml",Generic,240,3648,7368.96,2.02,0.01,"Aurobindo Unit III, India",2571,26830.44,15.89
82285,Mozambique,PMO - US,From RDC,N/A - From RDC,Truck,31-Mar-10,24-Mar-10,ARV,Adult,SCMS from RDC,SKU0029,"Tenofovir Disoproxil Fumarate 300mg, tablets, 30 Tabs",Generic,30,3040,25931.2,8.53,0.28,Mylan (formerly Matrix) Nashik,163,1236.13,50.83
82286,Haiti,PMO - US,From RDC,N/A - From RDC,Air,18-Jan-10,27-Jan-10,ARV,Pediatric,SCMS from RDC,SKU0001,"Nevirapine 10mg/ml, oral suspension, Bottle, 240 ml",Generic,240,3635,6979.2,1.92,0.01,"Aurobindo Unit III, India",1345,14489.1,15.05
82289,Côte d'Ivoire,PMO - US,From RDC,N/A - From RDC,Air,5-Feb-10,23-Jan-10,ARV,Adult,SCMS from RDC,SKU0054,"Lamivudine/Nevirapine/Zidovudine 150/200/300mg, tablets, 60 Tabs",Generic,60,30060,337273.2,11.22,0.19,"Aurobindo Unit III, India",3508,5254.1,661.06
82290,Haiti,PMO - US,From RDC,N/A - From RDC,Air,5-Mar-10,3-Mar-10,ARV,Adult,SCMS from RDC,SKU0011,"Lamivudine/Zidovudine 150/300mg, tablets, 60 Tabs",Generic,60,12000,105120,8.76,0.15,"Aurobindo Unit III, India",1077,12016.69,226.64
82291,Mozambique,PMO - US,From RDC,N/A - From RDC,Air,14-Apr-10,14-Apr-10,ARV,Adult,SCMS from RDC,SKU0026,"Efavirenz 600mg, tablets, 30 Tabs",Generic,30,10000,57800,5.78,0.19,"Aurobindo Unit III, India",2156,3423.25,113.29
82292,Mozambique,PMO - US,From RDC,N/A - From RDC,Air,14-Apr-10,14-Apr-10,ARV,Adult,SCMS from RDC,SKU0003,"Lamivudine 150mg, tablets, 60 Tabs",Generic,60,1939,4731.16,2.44,0.04,"Aurobindo Unit III, India",See DN-1628 (ID#:82291),See DN-1628 (ID#:82291),9.27
82293,Zambia,PMO - US,From RDC,N/A - From RDC,Truck,15-Mar-10,5-Mar-10,ARV,Adult,SCMS from RDC,SKU0044,"Lamivudine/Nevirapine/Stavudine 150/200/30mg, tablets, 60 Tabs",Generic,60,58097,375887.59,6.47,0.11,"Cipla, Goa, India",19451,16898.2,736.74
82294,Mozambique,PMO - US,From RDC,N/A - From RDC,Truck,19-Apr-10,14-Apr-10,ARV,Adult,SCMS from RDC,SKU0014,"Zidovudine 300mg, tablets, 60 Tabs",Generic,60,25020,188400.6,7.53,0.13,Hetero Unit III Hyderabad IN,1387,Freight Included in Commodity Cost,369.27
82295,Uganda,PMO - US,From RDC,N/A - From RDC,Air,18-Mar-10,17-Mar-10,ARV,Adult,SCMS from RDC,SKU0007,"Nevirapine 200mg, tablets, 60 Tabs",Generic,60,600,1638,2.73,0.05,"Aurobindo Unit III, India",306,3945.33,3.53
82296,Zimbabwe,PMO - US,From RDC,N/A - From RDC,Air,31-Mar-10,12-Mar-10,ARV,Adult,SCMS from RDC,SKU0026,"Efavirenz 600mg, tablets, 30 Tabs",Generic,30,1900,9747,5.13,0.17,"Aurobindo Unit III, India",4000,3302.14,21.01
82297,Uganda,PMO - US,From RDC,N/A - From RDC,Air,19-Mar-10,17-Mar-10,ARV,Adult,SCMS from RDC,SKU0003,"Lamivudine 150mg, tablets, 60 Tabs",Generic,60,3519,8586.36,2.44,0.04,Mylan (formerly Matrix) Nashik,2538,6298.34,16.83
82298,Côte d'Ivoire,PMO - US,From RDC,N/A - From RDC,Air,22-Mar-10,11-Mar-10,ARV,Pediatric,SCMS from RDC,SKU0092,"Didanosine 200mg, chewable/dispersible tablets, 60 Tabs",Generic,60,1907,29558.5,15.5,0.26,"Aurobindo Unit III, India",395,1042.58,57.93
82299,Côte d'Ivoire,PMO - US,From RDC,N/A - From RDC,Air,10-May-10,11-Mar-10,ARV,Pediatric,SCMS from RDC,SKU0092,"Didanosine 200mg, chewable/dispersible tablets, 60 Tabs",Generic,60,260,4030,15.5,0.26,"Aurobindo Unit III, India",54,1042.58,8.69
82300,Nigeria,PMO - US,From RDC,N/A - From RDC,Air Charter,19-Apr-10,31-Mar-10,ARV,Adult,SCMS from RDC,SKU0003,"Lamivudine 150mg, tablets, 60 Tabs",Generic,60,342,834.48,2.44,0.04,"Aurobindo Unit III, India",17,Freight Included in Commodity Cost,1.8
82301,Nigeria,PMO - US,From RDC,N/A - From RDC,Air Charter,19-Apr-10,31-Mar-10,ARV,Adult,SCMS from RDC,SKU0054,"Lamivudine/Nevirapine/Zidovudine 150/200/300mg, tablets, 60 Tabs",Generic,60,2121,23797.62,11.22,0.19,"Aurobindo Unit III, India",248,Freight Included in Commodity Cost,51.31
82302,Nigeria,PMO - US,From RDC,N/A - From RDC,Air Charter,19-Apr-10,31-Mar-10,ARV,Adult,SCMS from RDC,SKU0105,"Emtricitabine/Tenofovir Disoproxil Fumarate 200/300mg, tablets, 30 Tabs",Generic,30,3060,35955,11.75,0.39,Mylan (formerly Matrix) Nashik,247,Freight Included in Commodity Cost,77.52
82303,Nigeria,PMO - US,From RDC,N/A - From RDC,Air Charter,19-Apr-10,31-Mar-10,ARV,Adult,SCMS from RDC,SKU0107,"Lamivudine/Tenofovir Disoproxil Fumarate 300/300mg, tablets, 30 Tabs",Generic,30,799,7990,10,0.33,Mylan (formerly Matrix) Nashik,65,Freight Included in Commodity Cost,17.23
82304,Nigeria,PMO - US,From RDC,N/A - From RDC,Air Charter,19-Apr-10,31-Mar-10,ARV,Adult,SCMS from RDC,SKU0026,"Efavirenz 600mg, tablets, 30 Tabs",Generic,30,8000,41040,5.13,0.17,"Aurobindo Unit III, India",687,Freight Included in Commodity Cost,88.48
82305,Nigeria,PMO - US,From RDC,N/A - From RDC,Air Charter,19-Apr-10,31-Mar-10,ARV,Adult,SCMS from RDC,SKU0011,"Lamivudine/Zidovudine 150/300mg, tablets, 60 Tabs",Generic,60,155,1357.8,8.76,0.15,"Aurobindo Unit III, India",14,Freight Included in Commodity Cost,2.93
82306,Nigeria,PMO - US,From RDC,N/A - From RDC,Air Charter,19-Apr-10,31-Mar-10,ARV,Adult,SCMS from RDC,SKU0105,"Emtricitabine/Tenofovir Disoproxil Fumarate 200/300mg, tablets, 30 Tabs",Generic,30,3598,42276.5,11.75,0.39,Mylan (formerly Matrix) Nashik,290,Freight Included in Commodity Cost,91.15
82307,Nigeria,PMO - US,From RDC,N/A - From RDC,Air Charter,19-Apr-10,31-Mar-10,ARV,Adult,SCMS from RDC,SKU0029,"Tenofovir Disoproxil Fumarate 300mg, tablets, 30 Tabs",Generic,30,500,4070,8.14,0.27,Mylan (formerly Matrix) Nashik,28,Freight Included in Commodity Cost,8.77
82308,Nigeria,PMO - US,From RDC,N/A - From RDC,Air Charter,19-Apr-10,31-Mar-10,ARV,Adult,SCMS from RDC,SKU0011,"Lamivudine/Zidovudine 150/300mg, tablets, 60 Tabs",Generic,60,80,700.8,8.76,0.15,"Aurobindo Unit III, India",8,Freight Included in Commodity Cost,1.51
82309,Nigeria,PMO - US,From RDC,N/A - From RDC,Air Charter,19-Apr-10,31-Mar-10,ARV,Adult,SCMS from RDC,SKU0007,"Nevirapine 200mg, tablets, 60 Tabs",Generic,60,18799,51321.27,2.73,0.05,Hetero Unit III Hyderabad IN,1098,Freight Included in Commodity Cost,110.65
82310,Nigeria,PMO - US,From RDC,N/A - From RDC,Air Charter,19-Apr-10,30-Mar-10,ARV,Adult,SCMS from RDC,SKU0014,"Zidovudine 300mg, tablets, 60 Tabs",Generic,60,586,4395,7.5,0.12,Mylan (formerly Matrix) Nashik,30,Freight Included in Commodity Cost,9.48
82311,Uganda,PMO - US,From RDC,N/A - From RDC,Truck,1-Apr-10,25-Mar-10,ARV,Adult,SCMS from RDC,SKU0011,"Lamivudine/Zidovudine 150/300mg, tablets, 60 Tabs",Generic,60,17896,156768.96,8.76,0.15,Hetero Unit III Hyderabad IN,1188,4097,307.27
82312,Uganda,PMO - US,From RDC,N/A - From RDC,Air,23-Jun-10,8-Apr-10,ARV,Adult,SCMS from RDC,SKU0104,"Lamivudine/Stavudine 150/30mg, tablets, 60 Tabs",Generic,60,140,476,3.4,0.06,"Cipla, Goa, India",17,1073.46,1.03
82314,Zambia,PMO - US,From RDC,N/A - From RDC,Truck,17-May-10,11-May-10,ARV,Pediatric,SCMS from RDC,SKU0082,"Didanosine 100mg, chewable/dispersible tablets, 60 Tabs",Generic,60,2500,19300,7.72,0.13,"Aurobindo Unit III, India",526,4964.27,37.83
82315,Mozambique,PMO - US,From RDC,N/A - From RDC,Truck,21-Jun-10,14-Jun-10,ARV,Adult,SCMS from RDC,SKU0026,"Efavirenz 600mg, tablets, 30 Tabs",Generic,30,12250,58187.5,4.75,0.16,Mylan (formerly Matrix) Nashik,1866,10959.63,125.45
82335,Ethiopia,PMO - US,From RDC,N/A - From RDC,Air,15-Jul-10,8-Jul-10,ARV,Adult,SCMS from RDC,SKU0014,"Zidovudine 300mg, tablets, 60 Tabs",Generic,60,2000,14420,7.21,0.12,"Aurobindo Unit III, India",88,755.64,31.09
82316,Uganda,PMO - US,From RDC,N/A - From RDC,Air,9-Jun-10,3-May-10,ARV,Adult,SCMS from RDC,SKU0054,"Lamivudine/Nevirapine/Zidovudine 150/200/300mg, tablets, 60 Tabs",Generic,60,5218,58545.96,11.22,0.19,"Aurobindo Unit III, India",617,5194.22,126.23
82317,Nigeria,PMO - US,From RDC,N/A - From RDC,Air Charter,31-May-10,18-May-10,ARV,Adult,SCMS from RDC,SKU0132,"Efavirenz/Emtricitabine/Tenofovir Disoproxil Fumarate 600/200/300mg, tablets, 30 Tabs",Generic,30,30000,597600,19.92,0.66,Mylan (formerly Matrix) Nashik,3289,9736.1,1288.43
82318,Uganda,PMO - US,From RDC,N/A - From RDC,Air,3-May-10,3-May-10,ARV,Adult,SCMS from RDC,SKU0054,"Lamivudine/Nevirapine/Zidovudine 150/200/300mg, tablets, 60 Tabs",Generic,60,18000,201960,11.22,0.19,Mylan (formerly Matrix) Nashik,2281,15254.43,435.43
82319,Uganda,PMO - US,From RDC,N/A - From RDC,Air,3-May-10,3-May-10,ARV,Adult,SCMS from RDC,SKU0054,"Lamivudine/Nevirapine/Zidovudine 150/200/300mg, tablets, 60 Tabs",Generic,60,4400,49368,11.22,0.19,"Aurobindo Unit III, India",527,4549.95,106.44
82320,Zimbabwe,PMO - US,From RDC,N/A - From RDC,Truck,31-May-10,31-May-10,ARV,Adult,SCMS from RDC,SKU0104,"Lamivudine/Stavudine 150/30mg, tablets, 60 Tabs",Generic,60,5800,19024,3.28,0.05,"Cipla, Goa, India",12791,3833.17,41.02
82321,Mozambique,PMO - US,From RDC,N/A - From RDC,Truck,30-Jun-10,14-Jun-10,ARV,Adult,SCMS from RDC,SKU0054,"Lamivudine/Nevirapine/Zidovudine 150/200/300mg, tablets, 60 Tabs",Generic,60,109554,1229195.88,11.22,0.19,"Aurobindo Unit III, India",20316,25790.82,2650.15
82322,Ethiopia,PMO - US,From RDC,N/A - From RDC,Air,1-Jun-10,31-May-10,ARV,Adult,SCMS from RDC,SKU0007,"Nevirapine 200mg, tablets, 60 Tabs",Generic,60,11000,29260,2.66,0.04,"Aurobindo Unit III, India",1070,6153.8,63.08
82323,Nigeria,PMO - US,From RDC,N/A - From RDC,Air Charter,30-Jun-10,28-Jun-10,ARV,Adult,SCMS from RDC,SKU0054,"Lamivudine/Nevirapine/Zidovudine 150/200/300mg, tablets, 60 Tabs",Generic,60,43050,483021,11.22,0.19,"Aurobindo Unit III, India",5067,Freight Included in Commodity Cost,1041.39
82324,Nigeria,PMO - US,From RDC,N/A - From RDC,Air Charter,30-Jun-10,28-Jun-10,ARV,Adult,SCMS from RDC,SKU0054,"Lamivudine/Nevirapine/Zidovudine 150/200/300mg, tablets, 60 Tabs",Generic,60,22571,253246.62,11.22,0.19,"Aurobindo Unit III, India",2657,Freight Included in Commodity Cost,546
82325,Zambia,PMO - US,From RDC,N/A - From RDC,Truck,30-Jun-10,29-Jun-10,ARV,Adult,SCMS from RDC,SKU0011,"Lamivudine/Zidovudine 150/300mg, tablets, 60 Tabs",Generic,60,22560,197625.6,8.76,0.15,Hetero Unit III Hyderabad IN,1928,11054.56,387.35
82326,Côte d'Ivoire,PMO - US,From RDC,N/A - From RDC,Air,28-Jun-10,21-Jun-10,ARV,Adult,SCMS from RDC,SKU0054,"Lamivudine/Nevirapine/Zidovudine 150/200/300mg, tablets, 60 Tabs",Generic,60,62410,700240.2,11.22,0.19,"Aurobindo Unit III, India",7701,27912.64,1509.72
82327,Côte d'Ivoire,PMO - US,From RDC,N/A - From RDC,Air,28-Jun-10,21-Jun-10,ARV,Adult,SCMS from RDC,SKU0059,"Stavudine 20mg, capsules, 60 Caps",Generic,60,1620,2316.6,1.43,0.02,"Aurobindo Unit III, India",See DN-1867 (ID#:82326),See DN-1867 (ID#:82326),4.99
82328,Haiti,PMO - US,From RDC,N/A - From RDC,Air,12-Jul-10,30-Jun-10,ARV,Adult,SCMS from RDC,SKU0004,"Stavudine 30mg, capsules, 60 Caps",Generic,60,7560,10659.6,1.41,0.02,"Strides, Bangalore, India.",2027,19372.86,22.98
82329,Côte d'Ivoire,PMO - US,From RDC,N/A - From RDC,Air,12-Jul-10,30-Jun-10,ARV,Pediatric,SCMS from RDC,SKU0071,"Abacavir 20mg/ml, oral solution, Bottle, 240 ml",Generic,240,672,9139.2,13.6,0.06,"Aurobindo Unit III, India",2979,3365.45,19.7
82330,Zambia,PMO - US,From RDC,N/A - From RDC,Truck,4-Nov-10,29-Jun-10,ARV,Adult,SCMS from RDC,SKU0026,"Efavirenz 600mg, tablets, 30 Tabs",Generic,30,2750,12650,4.6,0.15,Mylan (formerly Matrix) Nashik,10313,11054.59,27.27
82331,Zambia,PMO - US,From RDC,N/A - From RDC,Truck,4-Nov-10,29-Jun-10,ARV,Adult,SCMS from RDC,SKU0026,"Efavirenz 600mg, tablets, 30 Tabs",Generic,30,19454,89488.4,4.6,0.15,"Aurobindo Unit III, India",See DN-1875 (ID#:82330),See DN-1875 (ID#:82330),192.94
82332,Côte d'Ivoire,PMO - US,From RDC,N/A - From RDC,Air,9-Jul-10,5-Jul-10,ARV,Pediatric,SCMS from RDC,SKU0001,"Nevirapine 10mg/ml, oral suspension, Bottle, 240 ml",Generic,240,3872,7085.76,1.83,0.01,"Aurobindo Unit III, India",1438,5121.68,15.28
82333,Côte d'Ivoire,PMO - US,From RDC,N/A - From RDC,Air,9-Jul-10,5-Jul-10,ARV,Pediatric,SCMS from RDC,SKU0001,"Nevirapine 10mg/ml, oral suspension, Bottle, 240 ml",Generic,240,3872,7085.76,1.83,0.01,"Aurobindo Unit III, India",1451,5121.68,15.28
82334,Côte d'Ivoire,PMO - US,From RDC,N/A - From RDC,Air,9-Jul-10,5-Jul-10,ARV,Adult,SCMS from RDC,SKU0008,"Lopinavir/Ritonavir 200/50mg [Aluvia], tablets, 120 Tabs",Aluvia,120,3240,117158.4,36.16,0.3,ABBVIE Ludwigshafen Germany,731,5121.69,252.59
82336,Nigeria,PMO - US,From RDC,N/A - From RDC,Air,15-Jul-10,28-Jun-10,ARV,Adult,SCMS from RDC,SKU0003,"Lamivudine 150mg, tablets, 60 Tabs",Generic,60,6570,16030.8,2.44,0.04,"Aurobindo Unit III, India",307,Freight Included in Commodity Cost,34.56
82337,Nigeria,PMO - US,From RDC,N/A - From RDC,Air,15-Jul-10,28-Jun-10,ARV,Adult,SCMS from RDC,SKU0014,"Zidovudine 300mg, tablets, 60 Tabs",Generic,60,20000,150000,7.5,0.12,"Aurobindo Unit III, India",1096,Freight Included in Commodity Cost,323.4
82338,Nigeria,PMO - US,From RDC,N/A - From RDC,Air,15-Jul-10,28-Jun-10,ARV,Adult,SCMS from RDC,SKU0132,"Efavirenz/Emtricitabine/Tenofovir Disoproxil Fumarate 600/200/300mg, tablets, 30 Tabs",Generic,30,7400,147408,19.92,0.66,Mylan (formerly Matrix) Nashik,668,Freight Included in Commodity Cost,317.81
82339,Nigeria,PMO - US,From RDC,N/A - From RDC,Air,15-Jul-10,28-Jun-10,ARV,Adult,SCMS from RDC,SKU0107,"Lamivudine/Tenofovir Disoproxil Fumarate 300/300mg, tablets, 30 Tabs",Generic,30,18522,185220,10,0.33,Mylan (formerly Matrix) Nashik,1668,Freight Included in Commodity Cost,399.33
82341,Rwanda,PMO - US,From RDC,N/A - From RDC,Air,30-Aug-10,3-Aug-10,ARV,Adult,SCMS from RDC,SKU0054,"Lamivudine/Nevirapine/Zidovudine 150/200/300mg, tablets, 60 Tabs",Generic,60,44131,495149.82,11.22,0.19,"Aurobindo Unit III, India",5364,81670.57,1067.54
82342,Tanzania,PMO - US,From RDC,N/A - From RDC,Air,26-Aug-10,23-Aug-10,ARV,Adult,SCMS from RDC,SKU0029,"Tenofovir Disoproxil Fumarate 300mg, tablets, 30 Tabs",Generic,30,3000,21900,7.3,0.24,Mylan (formerly Matrix) Nashik,269,1647.25,47.22
82343,Tanzania,PMO - US,From RDC,N/A - From RDC,Air,31-Aug-10,23-Aug-10,ARV,Adult,SCMS from RDC,SKU0058,"Abacavir 300mg, tablets, 60 Tabs",Generic,60,23340,383709.6,16.44,0.27,Mylan (formerly Matrix) Nashik,2344,1647.25,827.28
82345,Nigeria,PMO - US,From RDC,N/A - From RDC,Air Charter,9-Aug-10,17-Aug-10,ARV,Adult,SCMS from RDC,SKU0105,"Emtricitabine/Tenofovir Disoproxil Fumarate 200/300mg, tablets, 30 Tabs",Generic,30,6203,72885.25,11.75,0.39,Mylan (formerly Matrix) Nashik,560,6147.18,157.14
82346,Nigeria,PMO - US,From RDC,N/A - From RDC,Air Charter,31-Aug-10,17-Aug-10,ARV,Adult,SCMS from RDC,SKU0054,"Lamivudine/Nevirapine/Zidovudine 150/200/300mg, tablets, 60 Tabs",Generic,60,32040,359488.8,11.22,0.19,"Aurobindo Unit III, India",4212,6147.18,775.06
82347,Côte d'Ivoire,PMO - US,From RDC,N/A - From RDC,Air,31-Aug-10,23-Aug-10,ARV,Adult,SCMS from RDC,SKU0004,"Stavudine 30mg, capsules, 60 Caps",Generic,60,5670,7994.7,1.41,0.02,"Strides, Bangalore, India.",317,12648.36,17.24
82349,Ethiopia,PMO - US,From RDC,N/A - From RDC,Air,30-Aug-10,13-Sep-10,ARV,Adult,SCMS from RDC,SKU0003,"Lamivudine 150mg, tablets, 60 Tabs",Generic,60,2000,4660,2.33,0.04,"Aurobindo Unit III, India",84,530.36,10.05
82350,Côte d'Ivoire,PMO - US,From RDC,N/A - From RDC,Air,30-Sep-10,25-Sep-10,ARV,Adult,SCMS from RDC,SKU0029,"Tenofovir Disoproxil Fumarate 300mg, tablets, 30 Tabs",Generic,30,2200,16060,7.3,0.24,Mylan (formerly Matrix) Nashik,6587,8953.2,34.63
82351,Guyana,PMO - US,From RDC,N/A - From RDC,Air,23-Nov-10,19-Sep-10,ARV,Adult,SCMS from RDC,SKU0058,"Abacavir 300mg, tablets, 60 Tabs",Generic,60,330,5425.2,16.44,0.27,Mylan (formerly Matrix) Nashik,86,3307.86,11.7
82352,Zambia,PMO - US,From RDC,N/A - From RDC,Truck,4-Nov-10,12-Oct-10,ARV,Adult,SCMS from RDC,SKU0105,"Emtricitabine/Tenofovir Disoproxil Fumarate 200/300mg, tablets, 30 Tabs",Generic,30,140554,1651509.5,11.75,0.39,Mylan (formerly Matrix) Nashik,16961,16981.15,3560.65
82353,Haiti,PMO - US,From RDC,N/A - From RDC,Air,20-Oct-10,21-Oct-10,ARV,Adult,SCMS from RDC,SKU0011,"Lamivudine/Zidovudine 150/300mg, tablets, 60 Tabs",Generic,60,64241,549260.55,8.55,0.14,Hetero Unit III Hyderabad IN,6234,31214.27,1184.21
82354,Mozambique,PMO - US,From RDC,N/A - From RDC,Truck,25-Nov-10,1-Dec-10,ARV,Adult,SCMS from RDC,SKU0054,"Lamivudine/Nevirapine/Zidovudine 150/200/300mg, tablets, 60 Tabs",Generic,60,208501,2339381.22,11.22,0.19,"Aurobindo Unit III, India",28237,14163.13,5043.71
82355,Guyana,PMO - US,From RDC,N/A - From RDC,Air,23-Nov-10,13-Nov-10,ARV,Pediatric,SCMS from RDC,SKU0082,"Didanosine 100mg, chewable/dispersible tablets, 60 Tabs",Generic,60,336,2593.92,7.72,0.13,"Aurobindo Unit III, India",89,1221.83,5.59
82356,Côte d'Ivoire,PMO - US,From RDC,N/A - From RDC,Truck,30-Nov-10,26-Nov-10,ARV,Pediatric,SCMS from RDC,SKU0145,"Abacavir 20mg/ml, oral solution w/syringe, Bottle, 240 ml",Generic,240,36,493.2,13.7,0.06,"Aurobindo Unit III, India",7889,6406.53,1.06
82357,Côte d'Ivoire,PMO - US,From RDC,N/A - From RDC,Truck,30-Nov-10,26-Nov-10,ARV,Pediatric,SCMS from RDC,SKU0130,"Lamivudine 10mg/ml, oral solution w/syringe, Bottle, 240 ml",Generic,240,2415,4467.75,1.85,0.01,"Aurobindo Unit III, India",See DN-2035 (ID#:82356),See DN-2035 (ID#:82356),9.63
82358,Côte d'Ivoire,PMO - US,From RDC,N/A - From RDC,Air,16-Nov-10,26-Nov-10,ARV,Pediatric,SCMS from RDC,SKU0071,"Abacavir 20mg/ml, oral solution, Bottle, 240 ml",Generic,240,588,7996.8,13.6,0.06,"Aurobindo Unit III, India",215,6406.54,17.24
82359,Mozambique,PMO - US,From RDC,N/A - From RDC,Truck,20-Dec-10,23-Dec-10,ARV,Adult,SCMS from RDC,SKU0104,"Lamivudine/Stavudine 150/30mg, tablets, 60 Tabs",Generic,60,2996,9587.2,3.2,0.05,"Cipla, Goa, India",6022,6500.45,20.67
82360,Dominican Republic,PMO - US,From RDC,N/A - From RDC,Air,31-Jan-11,8-Dec-10,ARV,Adult,SCMS from RDC,SKU0003,"Lamivudine 150mg, tablets, 60 Tabs",Generic,60,649,1512.17,2.33,0.04,Hetero Unit III Hyderabad IN,1787,18046.12,2.5
82361,Côte d'Ivoire,PMO - US,From RDC,N/A - From RDC,Air,14-Dec-10,15-Dec-10,ARV,Pediatric,SCMS from RDC,SKU0126,"Nevirapine 10mg/ml, oral suspension w/syringe, Bottle, 240 ml",Generic,240,628,1224.6,1.95,0.01,"Aurobindo Unit III, India",232,1794.58,2.64
82362,Haiti,PMO - US,From RDC,N/A - From RDC,Air,20-Dec-10,5-Jan-11,ARV,Pediatric,SCMS from RDC,SKU0005,"Zidovudine 10mg/ml, oral solution, Bottle, 240 ml",Generic,240,3872,7821.44,2.02,0.01,"Aurobindo Unit III, India",7755,74839.9,16.86
82363,Zambia,PMO - US,From RDC,N/A - From RDC,Air,20-Jan-11,7-Feb-11,ARV,Adult,SCMS from RDC,SKU0003,"Lamivudine 150mg, tablets, 60 Tabs",Generic,60,10131,23605.23,2.33,0.04,"Aurobindo Unit III, India",493,2859.16,38.95
82364,Uganda,PMO - US,From RDC,N/A - From RDC,Air,8-Feb-11,17-Jan-11,ARV,Adult,SCMS from RDC,SKU0054,"Lamivudine/Nevirapine/Zidovudine 150/200/300mg, tablets, 60 Tabs",Generic,60,4176,46854.72,11.22,0.19,"Aurobindo Unit III, India",567,2768.96,77.31
82365,Ethiopia,PMO - US,From RDC,N/A - From RDC,Air,21-Jan-11,12-Jan-11,ARV,Pediatric,SCMS from RDC,SKU0005,"Zidovudine 10mg/ml, oral solution, Bottle, 240 ml",Generic,240,3000,6060,2.02,0.01,"Aurobindo Unit III, India",1190,6770.6,10
82366,Nigeria,PMO - US,From RDC,N/A - From RDC,Air Charter,22-Feb-11,16-Feb-11,ARV,Adult,SCMS from RDC,SKU0054,"Lamivudine/Nevirapine/Zidovudine 150/200/300mg, tablets, 60 Tabs",Generic,60,141764,1590592.08,11.22,0.19,"Aurobindo Unit III, India",70109,43548,3429.32
82367,Ethiopia,PMO - US,From RDC,N/A - From RDC,Air,14-Feb-11,28-Jan-11,ARV,Adult,SCMS from RDC,SKU0029,"Tenofovir Disoproxil Fumarate 300mg, tablets, 30 Tabs",Generic,30,1467,9638.19,6.57,0.22,Mylan (formerly Matrix) Nashik,9,1401.76,15.9
82368,Côte d'Ivoire,PMO - US,From RDC,N/A - From RDC,Air,31-Jan-11,22-Feb-11,ARV,Adult,SCMS from RDC,SKU0162,"Abacavir/Lamivudine 600/300mg, scored tablets, 30 Tabs",Generic,30,2610,58725,22.5,0.75,Mylan (formerly Matrix) Nashik,1195,8758.37,126.61
82369,Uganda,PMO - US,From RDC,N/A - From RDC,Air,8-Feb-11,23-Dec-10,ARV,Adult,SCMS from RDC,SKU0011,"Lamivudine/Zidovudine 150/300mg, tablets, 60 Tabs",Generic,60,2316,19801.8,8.55,0.14,Hetero Unit III Hyderabad IN,386,2294.85,32.67
82370,Uganda,PMO - US,From RDC,N/A - From RDC,Truck,28-Feb-11,22-Mar-11,ARV,Adult,SCMS from RDC,SKU0054,"Lamivudine/Nevirapine/Zidovudine 150/200/300mg, tablets, 60 Tabs",Generic,60,117367,1316857.74,11.22,0.19,"Aurobindo Unit III, India",17496,104604.06,2839.15
82371,Zimbabwe,PMO - US,From RDC,N/A - From RDC,Truck,31-Mar-11,17-Mar-11,ARV,Adult,SCMS from RDC,SKU0107,"Lamivudine/Tenofovir Disoproxil Fumarate 300/300mg, tablets, 30 Tabs",Generic,30,97100,856422,8.82,0.29,Mylan (formerly Matrix) Nashik,14340,16222.85,1846.45
82372,Uganda,PMO - US,From RDC,N/A - From RDC,Air,9-Mar-11,15-Mar-11,ARV,Pediatric,SCMS from RDC,SKU0126,"Nevirapine 10mg/ml, oral suspension w/syringe, Bottle, 240 ml",Generic,240,1000,1950,1.95,0.01,"Aurobindo Unit III, India",369,6218.58,3.22
82373,Ethiopia,PMO - US,From RDC,N/A - From RDC,Air,30-Apr-11,18-Mar-11,ARV,Adult,SCMS from RDC,SKU0029,"Tenofovir Disoproxil Fumarate 300mg, tablets, 30 Tabs",Generic,30,6993,45944.01,6.57,0.22,"Aurobindo Unit III, India",629,4277.04,75.81
82374,Côte d'Ivoire,PMO - US,From RDC,N/A - From RDC,Air,20-Apr-11,10-Jun-11,ARV,Adult,SCMS from RDC,SKU0029,"Tenofovir Disoproxil Fumarate 300mg, tablets, 30 Tabs",Generic,30,859,5643.63,6.57,0.22,"Aurobindo Unit III, India",12232,60010.73,9.31
82378,Zimbabwe,PMO - US,From RDC,N/A - From RDC,Truck,31-Mar-11,20-May-11,ARV,Adult,SCMS from RDC,SKU0104,"Lamivudine/Stavudine 150/30mg, tablets, 60 Tabs",Generic,60,2786,9138.08,3.28,0.05,"Cipla, Goa, India",213,3403.98,19.7
82379,Haiti,PMO - US,From RDC,N/A - From RDC,Air,14-Apr-11,4-May-11,ARV,Pediatric,SCMS from RDC,SKU0065,"Zidovudine 100mg, capsules, 100 Caps",Generic,100,1242,6011.28,4.84,0.05,"Aurobindo Unit III, India",260,2452.54,12.96
82380,Haiti,PMO - US,From RDC,N/A - From RDC,Air,12-May-11,4-May-11,ARV,Pediatric,SCMS from RDC,SKU0066,"Efavirenz 200mg, capsule, 90 Caps",Generic,90,1260,12234.6,9.71,0.11,"Aurobindo Unit III, India",194,2452.54,26.38
82381,Uganda,PMO - US,From RDC,N/A - From RDC,Truck,11-May-11,24-May-11,ARV,Adult,SCMS from RDC,SKU0054,"Lamivudine/Nevirapine/Zidovudine 150/200/300mg, tablets, 60 Tabs",Generic,60,100000,1122000,11.22,0.19,Mylan (formerly Matrix) Nashik,14983,78442.21,1851.3
82382,Nigeria,PMO - US,From RDC,N/A - From RDC,Air Charter,15-Jun-11,5-Jul-11,ARV,Adult,SCMS from RDC,SKU0026,"Efavirenz 600mg, tablets, 30 Tabs",Generic,30,57468,248261.76,4.32,0.14,Mylan (formerly Matrix) Nashik,4915,13398.06,409.63
82383,Zimbabwe,PMO - US,From RDC,N/A - From RDC,Truck,31-May-11,30-Jun-11,ARV,Adult,SCMS from RDC,SKU0026,"Efavirenz 600mg, tablets, 30 Tabs",Generic,30,6392,27741.28,4.34,0.14,"Aurobindo Unit III, India",571,4428.06,59.81
82384,Zimbabwe,PMO - US,From RDC,N/A - From RDC,Truck,31-May-11,30-Jun-11,ARV,Pediatric,SCMS from RDC,SKU0140,"Lamivudine/Nevirapine/Zidovudine 30/50/60mg, dispersible tablets, 60 Tabs",Generic,60,35000,148750,4.25,0.07,Mylan (formerly Matrix) Nashik,2032,4428.06,320.7
82385,Guyana,PMO - US,From RDC,N/A - From RDC,Air,27-Oct-11,15-Jun-11,ARV,Pediatric,SCMS from RDC,SKU0065,"Zidovudine 100mg, capsules, 100 Caps",Generic,100,1043,4964.68,4.76,0.05,"Aurobindo Unit III, India",332,4398.32,8.19
82386,Ethiopia,PMO - US,From RDC,N/A - From RDC,Air,21-Jun-11,1-Jun-11,ARV,Adult,SCMS from RDC,SKU0107,"Lamivudine/Tenofovir Disoproxil Fumarate 300/300mg, tablets, 30 Tabs",Generic,30,27558,237825.54,8.63,0.29,Mylan (formerly Matrix) Nashik,Weight Captured Separately,Invoiced Separately,392.41
82387,Nigeria,PMO - US,From RDC,N/A - From RDC,Air Charter,15-Jun-11,6-Jul-11,ARV,Pediatric,SCMS from RDC,SKU0066,"Efavirenz 200mg, capsule, 90 Caps",Generic,90,1280,12403.2,9.69,0.11,"Aurobindo Unit III, India",177,13398.06,20.47
82388,Zambia,PMO - US,From RDC,N/A - From RDC,Truck,15-Aug-11,5-Aug-11,ARV,Pediatric,SCMS from RDC,SKU0001,"Nevirapine 10mg/ml, oral suspension, Bottle, 240 ml",Generic,240,20000,36000,1.8,0.01,"Aurobindo Unit III, India",7469,3949.19,59.4
82389,Zimbabwe,PMO - US,From RDC,N/A - From RDC,Truck,15-Aug-11,11-Aug-11,ARV,Adult,SCMS from RDC,SKU0044,"Lamivudine/Nevirapine/Stavudine 150/200/30mg, tablets, 60 Tabs",Generic,60,51722,278264.36,5.38,0.09,"Cipla, Goa, India",9134,16064.09,599.94
82390,Zimbabwe,PMO - US,From RDC,N/A - From RDC,Air,30-Sep-11,4-Aug-11,ARV,Pediatric,SCMS from RDC,SKU0147,"Didanosine 125mg, delayed-release capsules, 30 Caps",Generic,30,124,1054,8.5,0.28,"Aurobindo Unit III, India",8,940.23,2.27
82391,Zambia,PMO - US,From RDC,N/A - From RDC,Air,15-Aug-11,18-Jul-11,ARV,Adult,SCMS from RDC,SKU0105,"Emtricitabine/Tenofovir Disoproxil Fumarate 200/300mg, tablets, 30 Tabs",Generic,30,10015,109363.8,10.92,0.36,Mylan (formerly Matrix) Nashik,846,3798.73,180.45
82392,Uganda,PMO - US,From RDC,N/A - From RDC,Truck,5-Aug-11,5-Aug-11,ARV,Adult,SCMS from RDC,SKU0007,"Nevirapine 200mg, tablets, 60 Tabs",Generic,60,451,1132.01,2.51,0.04,"Strides, Bangalore, India.",698,3865.63,1.87
82393,Uganda,PMO - US,From RDC,N/A - From RDC,Truck,29-Jul-11,2-Aug-11,ARV,Adult,SCMS from RDC,SKU0011,"Lamivudine/Zidovudine 150/300mg, tablets, 60 Tabs",Generic,60,15107,124783.82,8.26,0.14,"Aurobindo Unit III, India",1409,10928.52,205.89
82394,Zimbabwe,PMO - US,From RDC,N/A - From RDC,Truck,6-Sep-11,5-Sep-11,ARV,Adult,SCMS from RDC,SKU0107,"Lamivudine/Tenofovir Disoproxil Fumarate 300/300mg, tablets, 30 Tabs",Generic,30,10114,87283.82,8.63,0.29,Mylan (formerly Matrix) Nashik,1019,4969.87,188.18
82395,Côte d'Ivoire,PMO - US,From RDC,N/A - From RDC,Air,27-Sep-11,12-Sep-11,ARV,Adult,SCMS from RDC,SKU0054,"Lamivudine/Nevirapine/Zidovudine 150/200/300mg, tablets, 60 Tabs",Generic,60,160058,1795850.76,11.22,0.19,Mylan (formerly Matrix) Nashik,26409,60432.88,2963.15
82397,Mozambique,PMO - US,From RDC,N/A - From RDC,Truck,2-Nov-11,2-Nov-11,ARV,Adult,SCMS from RDC,SKU0054,"Lamivudine/Nevirapine/Zidovudine 150/200/300mg, tablets, 60 Tabs",Generic,60,119098,1336279.56,11.22,0.19,"Aurobindo Unit III, India",15808,11969.68,2204.86
82398,Uganda,PMO - US,From RDC,N/A - From RDC,Air,3-Nov-11,21-Aug-11,ARV,Adult,SCMS from RDC,SKU0029,"Tenofovir Disoproxil Fumarate 300mg, tablets, 30 Tabs",Generic,30,2447,15709.74,6.42,0.21,Mylan (formerly Matrix) Nashik,138,1812.94,25.92
82399,Uganda,PMO - US,From RDC,N/A - From RDC,Air,31-Aug-11,14-Sep-11,ARV,Pediatric,SCMS from RDC,SKU0126,"Nevirapine 10mg/ml, oral suspension w/syringe, Bottle, 240 ml",Generic,240,11326,22085.7,1.95,0.01,"Aurobindo Unit III, India",4274,24213.81,36.44
82401,Côte d'Ivoire,PMO - US,From RDC,N/A - From RDC,Air,12-Oct-11,12-Oct-11,ARV,Adult,SCMS from RDC,SKU0054,"Lamivudine/Nevirapine/Zidovudine 150/200/300mg, tablets, 60 Tabs",Generic,60,12169,136536.18,11.22,0.19,"Aurobindo Unit III, India",7916,21397.38,225.28
82402,Guyana,PMO - US,From RDC,N/A - From RDC,Air,18-Oct-11,3-Oct-11,ARV,Adult,SCMS from RDC,SKU0014,"Zidovudine 300mg, tablets, 60 Tabs",Generic,60,726,5096.52,7.02,0.12,Hetero Unit III Hyderabad IN,199,3127.35,8.41
82403,Nigeria,PMO - US,From RDC,N/A - From RDC,Air Charter,3-Nov-11,28-Sep-11,ARV,Adult,SCMS from RDC,SKU0003,"Lamivudine 150mg, tablets, 60 Tabs",Generic,60,4300,10019,2.33,0.04,"Aurobindo Unit III, India",220,18495.9,16.53
82404,Nigeria,PMO - US,From RDC,N/A - From RDC,Air Charter,3-Nov-11,28-Sep-11,ARV,Adult,SCMS from RDC,SKU0105,"Emtricitabine/Tenofovir Disoproxil Fumarate 200/300mg, tablets, 30 Tabs",Generic,30,115089,1127872.2,9.8,0.33,Mylan (formerly Matrix) Nashik,11004,18495.9,1860.99
82405,Nigeria,PMO - US,From RDC,N/A - From RDC,Air Charter,3-Nov-11,28-Sep-11,ARV,Adult,SCMS from RDC,SKU0011,"Lamivudine/Zidovudine 150/300mg, tablets, 60 Tabs",Generic,60,3446,28463.96,8.26,0.14,Mylan (formerly Matrix) Nashik,6622,18495.9,46.97
82406,Nigeria,PMO - US,From RDC,N/A - From RDC,Air Charter,3-Nov-11,28-Sep-11,ARV,Adult,SCMS from RDC,SKU0011,"Lamivudine/Zidovudine 150/300mg, tablets, 60 Tabs",Generic,60,61567,508543.42,8.26,0.14,"Aurobindo Unit III, India",See DN-2358 (ID#:82405),See DN-2358 (ID#:82405),839.1
82407,Swaziland,PMO - US,From RDC,N/A - From RDC,Air,30-Sep-11,15-Sep-11,ARV,Adult,SCMS from RDC,SKU0058,"Abacavir 300mg, tablets, 60 Tabs",Generic,60,4224,61797.12,14.63,0.24,Mylan (formerly Matrix) Nashik,1926,3134.82,101.97
82408,Swaziland,PMO - US,From RDC,N/A - From RDC,Air,30-Sep-11,15-Sep-11,ARV,Adult,SCMS from RDC,SKU0054,"Lamivudine/Nevirapine/Zidovudine 150/200/300mg, tablets, 60 Tabs",Generic,60,10900,122298,11.22,0.19,"Aurobindo Unit III, India",See DN-2360 (ID#:82407),See DN-2360 (ID#:82407),201.79
82409,Haiti,PMO - US,From RDC,N/A - From RDC,Air,31-Oct-11,10-Oct-11,ARV,Pediatric,SCMS from RDC,SKU0126,"Nevirapine 10mg/ml, oral suspension w/syringe, Bottle, 240 ml",Generic,240,1292,2519.4,1.95,0.01,"Aurobindo Unit III, India",483,5324.69,4.16
82410,Swaziland,PMO - US,From RDC,N/A - From RDC,Air,6-Oct-11,11-Oct-11,ARV,Adult,SCMS from RDC,SKU0107,"Lamivudine/Tenofovir Disoproxil Fumarate 300/300mg, tablets, 30 Tabs",Generic,30,30000,246900,8.23,0.27,Mylan (formerly Matrix) Nashik,2641,7168.8,407.38
82411,Uganda,PMO - US,From RDC,N/A - From RDC,Air,30-Oct-11,1-Nov-11,ARV,Pediatric,SCMS from RDC,SKU0126,"Nevirapine 10mg/ml, oral suspension w/syringe, Bottle, 240 ml",Generic,240,13993,27286.35,1.95,0.01,"Aurobindo Unit III, India",5262,27823.07,45.02
82412,Tanzania,PMO - US,From RDC,N/A - From RDC,Air,29-Nov-11,29-Nov-11,ARV,Adult,SCMS from RDC,SKU0132,"Efavirenz/Emtricitabine/Tenofovir Disoproxil Fumarate 600/200/300mg, tablets, 30 Tabs",Generic,30,4163,82926.96,19.92,0.66,Mylan (formerly Matrix) Nashik,483,2367.4,136.83
82413,Mozambique,PMO - US,From RDC,N/A - From RDC,Truck,14-Dec-11,14-Dec-11,ARV,Pediatric,SCMS from RDC,SKU0126,"Nevirapine 10mg/ml, oral suspension w/syringe, Bottle, 240 ml",Generic,240,26337,51357.15,1.95,0.01,"Aurobindo Unit III, India",9931,6888.32,84.74
82414,Nigeria,PMO - US,From RDC,N/A - From RDC,Air Charter,5-Dec-11,14-Oct-11,ARV,Adult,SCMS from RDC,SKU0107,"Lamivudine/Tenofovir Disoproxil Fumarate 300/300mg, tablets, 30 Tabs",Generic,30,24346,190385.72,7.82,0.26,Mylan (formerly Matrix) Nashik,2391,21326.73,314.14
82415,Nigeria,PMO - US,From RDC,N/A - From RDC,Air Charter,5-Dec-11,13-Oct-11,ARV,Adult,SCMS from RDC,SKU0054,"Lamivudine/Nevirapine/Zidovudine 150/200/300mg, tablets, 60 Tabs",Generic,60,105160,1179895.2,11.22,0.19,"Aurobindo Unit III, India",28277,21326.73,1946.83
82416,Mozambique,PMO - US,From RDC,N/A - From RDC,Truck,25-Jan-12,25-Jan-12,ARV,Pediatric,SCMS from RDC,SKU0126,"Nevirapine 10mg/ml, oral suspension w/syringe, Bottle, 240 ml",Generic,240,2930,5713.5,1.95,0.01,"Aurobindo Unit III, India",1102,2779.53,9.43
82417,Côte d'Ivoire,PMO - US,From RDC,N/A - From RDC,Truck,15-Dec-11,19-Nov-11,ARV,Adult,SCMS from RDC,SKU0003,"Lamivudine 150mg, tablets, 60 Tabs",Generic,60,8100,18873,2.33,0.04,"Aurobindo Unit III, India",387,3296.34,31.14
82418,Zambia,PMO - US,From RDC,N/A - From RDC,Ocean,10-Jan-12,28-Nov-11,ARV,Pediatric,SCMS from RDC,SKU0126,"Nevirapine 10mg/ml, oral suspension w/syringe, Bottle, 240 ml",Generic,240,12861,25078.95,1.95,0.01,"Aurobindo Unit III, India",4836,4075.1,41.38
82457,South Sudan,PMO - US,From RDC,N/A - From RDC,Air,21-Mar-12,8-Mar-12,ARV,Adult,SCMS from RDC,SKU0014,"Zidovudine 300mg, tablets, 60 Tabs",Generic,60,6200,43524,7.02,0.12,Hetero Unit III Hyderabad IN,2652,22788.95,61.02
82419,Mozambique,PMO - US,From RDC,N/A - From RDC,Truck,14-Dec-11,14-Dec-11,ARV,Adult,SCMS from RDC,SKU0054,"Lamivudine/Nevirapine/Zidovudine 150/200/300mg, tablets, 60 Tabs",Generic,60,107325,1204186.5,11.22,0.19,"Aurobindo Unit VII, IN",12669,11291.75,1986.91
82420,Tanzania,PMO - US,From RDC,N/A - From RDC,Air,30-Jan-12,22-Dec-11,ARV,Pediatric,SCMS from RDC,SKU0145,"Abacavir 20mg/ml, oral solution w/syringe, Bottle, 240 ml",Generic,240,2335,29187.5,12.5,0.05,"Aurobindo Unit III, India",9523,Freight Included in Commodity Cost,48.16
82421,Tanzania,PMO - US,From RDC,N/A - From RDC,Air,31-Jan-12,22-Dec-11,ARV,Adult,SCMS from RDC,SKU0132,"Efavirenz/Emtricitabine/Tenofovir Disoproxil Fumarate 600/200/300mg, tablets, 30 Tabs",Generic,30,11723,233522.16,19.92,0.66,Mylan (formerly Matrix) Nashik,1305,Freight Included in Commodity Cost,385.31
82422,Nigeria,PMO - US,From RDC,N/A - From RDC,Air Charter,2-Mar-12,18-Dec-11,ARV,Adult,SCMS from RDC,SKU0003,"Lamivudine 150mg, tablets, 60 Tabs",Generic,60,4700,10951,2.33,0.04,"Aurobindo Unit III, India",264,15322.73,18.07
82423,Nigeria,PMO - US,From RDC,N/A - From RDC,Air Charter,2-Mar-12,18-Dec-11,ARV,Adult,SCMS from RDC,SKU0105,"Emtricitabine/Tenofovir Disoproxil Fumarate 200/300mg, tablets, 30 Tabs",Generic,30,5950,53371.5,8.97,0.3,"Aurobindo Unit III, India",631,15322.73,88.06
82424,Côte d'Ivoire,PMO - US,From RDC,N/A - From RDC,Truck,6-Feb-12,6-Feb-12,ARV,Pediatric,SCMS from RDC,SKU0092,"Didanosine 200mg, chewable/dispersible tablets, 60 Tabs",Generic,60,3765,56475,15,0.25,"Aurobindo Unit III, India",303,12102.81,93.18
82425,Nigeria,PMO - US,From RDC,N/A - From RDC,Air Charter,2-Mar-12,18-Dec-11,ARV,Adult,SCMS from RDC,SKU0007,"Nevirapine 200mg, tablets, 60 Tabs",Generic,60,60000,154800,2.58,0.04,Hetero Unit III Hyderabad IN,9746,15322.73,255.42
82426,Nigeria,PMO - US,From RDC,N/A - From RDC,Air Charter,16-Mar-12,18-Dec-11,ARV,Adult,SCMS from RDC,SKU0054,"Lamivudine/Nevirapine/Zidovudine 150/200/300mg, tablets, 60 Tabs",Generic,60,9887,110932.14,11.22,0.19,Mylan (formerly Matrix) Nashik,20845,15322.73,183.04
82427,Côte d'Ivoire,PMO - US,From RDC,N/A - From RDC,Air Charter,27-Apr-12,8-Feb-12,ARV,Adult,SCMS from RDC,SKU0011,"Lamivudine/Zidovudine 150/300mg, tablets, 60 Tabs",Generic,60,14081,116309.06,8.26,0.14,"Aurobindo Unit III, India",6410,24940.97,191.91
82428,Nigeria,PMO - US,From RDC,N/A - From RDC,Air Charter,16-Mar-12,18-Dec-11,ARV,Adult,SCMS from RDC,SKU0107,"Lamivudine/Tenofovir Disoproxil Fumarate 300/300mg, tablets, 30 Tabs",Generic,30,43441,357519.43,8.23,0.27,Mylan (formerly Matrix) Nashik,3263,15322.7,589.91
82429,"Congo, DRC",PMO - US,From RDC,N/A - From RDC,Air,27-Dec-11,3-Jan-12,ARV,Adult,SCMS from RDC,SKU0011,"Lamivudine/Zidovudine 150/300mg, tablets, 60 Tabs",Generic,60,1500,12390,8.26,0.14,"Aurobindo Unit III, India",147,1182.25,17.37
82430,Tanzania,PMO - US,From RDC,N/A - From RDC,Truck,29-Feb-12,5-Feb-12,ARV,Adult,SCMS from RDC,SKU0026,"Efavirenz 600mg, tablets, 30 Tabs",Generic,30,200693,846924.46,4.22,0.14,"Strides, Bangalore, India.",17947,Freight Included in Commodity Cost,1397.43
82431,Zambia,PMO - US,From RDC,N/A - From RDC,Truck,30-Jan-12,20-Jan-12,ARV,Adult,SCMS from RDC,SKU0007,"Nevirapine 200mg, tablets, 60 Tabs",Generic,60,13836,34728.36,2.51,0.04,"Aurobindo Unit VII, IN",1332,6476.7,57.3
82432,"Congo, DRC",PMO - US,From RDC,N/A - From RDC,Air,16-Mar-12,14-Feb-12,ARV,Adult,SCMS from RDC,SKU0011,"Lamivudine/Zidovudine 150/300mg, tablets, 60 Tabs",Generic,60,97,801.22,8.26,0.14,"Aurobindo Unit III, India",46,456.17,1.12
82433,"Congo, DRC",PMO - US,From RDC,N/A - From RDC,Air,16-Mar-12,14-Feb-12,ARV,Adult,SCMS from RDC,SKU0007,"Nevirapine 200mg, tablets, 60 Tabs",Generic,60,16,41.28,2.58,0.04,"Strides, Bangalore, India.",42,456.18,0.06
82434,"Congo, DRC",PMO - US,From RDC,N/A - From RDC,Air,16-Mar-12,14-Feb-12,ARV,Adult,SCMS from RDC,SKU0054,"Lamivudine/Nevirapine/Zidovudine 150/200/300mg, tablets, 60 Tabs",Generic,60,54,594,11,0.18,Mylan (formerly Matrix) Nashik,Weight Captured Separately,Invoiced Separately,0.83
82435,"Congo, DRC",PMO - US,From RDC,N/A - From RDC,Air,16-Mar-12,14-Feb-12,ARV,Adult,SCMS from RDC,SKU0054,"Lamivudine/Nevirapine/Zidovudine 150/200/300mg, tablets, 60 Tabs",Generic,60,28,308,11,0.18,Mylan (formerly Matrix) Nashik,13,912.36,0.43
82436,"Congo, DRC",PMO - US,From RDC,N/A - From RDC,Air,10-Feb-12,14-Feb-12,ARV,Adult,SCMS from RDC,SKU0054,"Lamivudine/Nevirapine/Zidovudine 150/200/300mg, tablets, 60 Tabs",Generic,60,1176,12936,11,0.18,Mylan (formerly Matrix) Nashik,308,1824.72,18.14
82496,Nigeria,PMO - US,From RDC,N/A - From RDC,Air Charter,31-Jul-12,24-Jul-12,ARV,Adult,SCMS from RDC,SKU0003,"Lamivudine 150mg, tablets, 60 Tabs",Generic,60,9980,23253.4,2.33,0.04,Hetero Unit III Hyderabad IN,642,16532.5,32.6
82437,"Congo, DRC",PMO - US,From RDC,N/A - From RDC,Air,10-Feb-12,14-Feb-12,ARV,Adult,SCMS from RDC,SKU0135,"Lopinavir/Ritonavir 200/50mg, tablets, 120 Tabs",Generic,120,147,4959.78,33.74,0.28,"Aurobindo Unit III, India",See DN-2500 (ID#:82436),See DN-2500 (ID#:82436),6.95
82438,"Congo, DRC",PMO - US,From RDC,N/A - From RDC,Air,10-Feb-12,14-Feb-12,ARV,Adult,SCMS from RDC,SKU0007,"Nevirapine 200mg, tablets, 60 Tabs",Generic,60,341,879.78,2.58,0.04,"Strides, Bangalore, India.",See DN-2500 (ID#:82436),See DN-2500 (ID#:82436),1.23
82439,"Congo, DRC",PMO - US,From RDC,N/A - From RDC,Air,16-Mar-12,14-Mar-12,ARV,Adult,SCMS from RDC,SKU0014,"Zidovudine 300mg, tablets, 60 Tabs",Generic,60,913,6409.26,7.02,0.12,Hetero Unit III Hyderabad IN,288,2460.79,8.99
82440,"Congo, DRC",PMO - US,From RDC,N/A - From RDC,Air,16-Mar-12,11-Apr-12,ARV,Adult,SCMS from RDC,SKU0014,"Zidovudine 300mg, tablets, 60 Tabs",Generic,60,1029,7223.58,7.02,0.12,Hetero Unit III Hyderabad IN,324,3436.14,10.13
82441,"Congo, DRC",PMO - US,From RDC,N/A - From RDC,Air,16-Mar-12,13-Apr-12,ARV,Adult,SCMS from RDC,SKU0014,"Zidovudine 300mg, tablets, 60 Tabs",Generic,60,98,687.96,7.02,0.12,Hetero Unit III Hyderabad IN,65,1418.01,0.96
82442,"Congo, DRC",PMO - US,From RDC,N/A - From RDC,Air,16-Mar-12,23-Mar-12,ARV,Adult,SCMS from RDC,SKU0107,"Lamivudine/Tenofovir Disoproxil Fumarate 300/300mg, tablets, 30 Tabs",Generic,30,20,121.6,6.08,0.2,Mylan (formerly Matrix) Nashik,70,1524.5,0.17
82443,"Congo, DRC",PMO - US,From RDC,N/A - From RDC,Air,16-Mar-12,14-Mar-12,ARV,Adult,SCMS from RDC,SKU0107,"Lamivudine/Tenofovir Disoproxil Fumarate 300/300mg, tablets, 30 Tabs",Generic,30,103,626.24,6.08,0.2,Mylan (formerly Matrix) Nashik,1072,5636.3,0.88
82444,Zambia,PMO - US,From RDC,N/A - From RDC,Truck,28-Feb-12,17-Feb-12,ARV,Adult,SCMS from RDC,SKU0058,"Abacavir 300mg, tablets, 60 Tabs",Generic,60,27452,412878.08,15.04,0.25,Mylan (formerly Matrix) Nashik,3898,11292.05,681.25
82445,Mozambique,PMO - US,From RDC,N/A - From RDC,Truck,15-Feb-12,8-Mar-12,ARV,Adult,SCMS from RDC,SKU0007,"Nevirapine 200mg, tablets, 60 Tabs",Generic,60,2870,7031.5,2.45,0.04,"Aurobindo Unit VII, IN",277,4313.33,11.6
82446,"Congo, DRC",PMO - US,From RDC,N/A - From RDC,Air,22-Mar-12,22-Mar-12,ARV,Adult,SCMS from RDC,SKU0003,"Lamivudine 150mg, tablets, 60 Tabs",Generic,60,6,13.98,2.33,0.04,Hetero Unit III Hyderabad IN,6,522.42,0.02
82447,"Congo, DRC",PMO - US,From RDC,N/A - From RDC,Air,22-Mar-12,22-Mar-12,ARV,Adult,SCMS from RDC,SKU0003,"Lamivudine 150mg, tablets, 60 Tabs",Generic,60,20,46.6,2.33,0.04,Hetero Unit III Hyderabad IN,1,491.43,0.07
82448,Zambia,PMO - US,From RDC,N/A - From RDC,Truck,27-Apr-12,17-Feb-12,ARV,Adult,SCMS from RDC,SKU0058,"Abacavir 300mg, tablets, 60 Tabs",Generic,60,7548,110427.24,14.63,0.24,Mylan (formerly Matrix) Nashik,13472,11292.05,154.82
82449,Tanzania,PMO - US,From RDC,N/A - From RDC,Truck,15-Mar-12,12-Mar-12,ARV,Pediatric,SCMS from RDC,SKU0049,"Efavirenz 50mg, capsule, 30 Caps",Generic,30,18732,41959.68,2.24,0.07,"Aurobindo Unit III, India",1090,1698.83,69.23
82450,Côte d'Ivoire,PMO - US,From RDC,N/A - From RDC,Truck,29-Feb-12,1-Mar-12,ARV,Adult,SCMS from RDC,SKU0054,"Lamivudine/Nevirapine/Zidovudine 150/200/300mg, tablets, 60 Tabs",Generic,60,92352,1036189.44,11.22,0.19,"Aurobindo Unit III, India",10832,3641.16,1709.71
82451,Tanzania,PMO - US,From RDC,N/A - From RDC,Truck,15-Mar-12,12-Mar-12,ARV,Pediatric,SCMS from RDC,SKU0145,"Abacavir 20mg/ml, oral solution w/syringe, Bottle, 240 ml",Generic,240,2176,27200,12.5,0.05,"Aurobindo Unit III, India",821,1698.83,44.88
82452,Côte d'Ivoire,PMO - US,From RDC,N/A - From RDC,Truck,2-Mar-12,24-Feb-12,ARV,Adult,SCMS from RDC,SKU0029,"Tenofovir Disoproxil Fumarate 300mg, tablets, 30 Tabs",Generic,30,2160,11880,5.5,0.18,Mylan (formerly Matrix) Nashik,1122,6009.47,19.6
82453,Tanzania,PMO - US,From RDC,N/A - From RDC,Truck,6-Apr-12,14-Feb-12,ARV,Adult,SCMS from RDC,SKU0014,"Zidovudine 300mg, tablets, 60 Tabs",Generic,60,150000,1053000,7.02,0.12,"Aurobindo Unit III, India",10142,7651.59,1737.45
82454,Nigeria,PMO - US,From RDC,N/A - From RDC,Air Charter,20-Jun-12,16-Feb-12,ARV,Adult,SCMS from RDC,SKU0132,"Efavirenz/Emtricitabine/Tenofovir Disoproxil Fumarate 600/200/300mg, tablets, 30 Tabs",Generic,30,26798,448330.54,16.73,0.56,Mylan (formerly Matrix) Nashik,3203,25231.96,628.56
82455,Nigeria,PMO - US,From RDC,N/A - From RDC,Air Charter,20-Jun-12,16-Feb-12,ARV,Adult,SCMS from RDC,SKU0007,"Nevirapine 200mg, tablets, 60 Tabs",Generic,60,100000,258000,2.58,0.04,"Strides, Bangalore, India.",18672,25231.96,361.72
82456,Guyana,PMO - US,From RDC,N/A - From RDC,Air,30-Mar-12,19-Mar-12,ARV,Adult,SCMS from RDC,SKU0008,"Lopinavir/Ritonavir 200/50mg [Aluvia], tablets, 120 Tabs",Aluvia,120,1313,44300.62,33.74,0.28,ABBVIE Ludwigshafen Germany,276,3940.18,62.11
82458,South Sudan,PMO - US,From RDC,N/A - From RDC,Air,21-Mar-12,8-Mar-12,ARV,Adult,SCMS from RDC,SKU0011,"Lamivudine/Zidovudine 150/300mg, tablets, 60 Tabs",Generic,60,250,2065,8.26,0.14,"Aurobindo Unit III, India",See DN-2581 (ID#:82457),See DN-2581 (ID#:82457),2.9
82459,Nigeria,PMO - US,From RDC,N/A - From RDC,Air Charter,20-Jun-12,16-Feb-12,ARV,Adult,SCMS from RDC,SKU0105,"Emtricitabine/Tenofovir Disoproxil Fumarate 200/300mg, tablets, 30 Tabs",Generic,30,95243,854329.71,8.97,0.3,"Aurobindo Unit III, India",14487,Invoiced Separately,1197.77
82460,Nigeria,PMO - US,From RDC,N/A - From RDC,Air Charter,20-Jun-12,16-Feb-12,ARV,Adult,SCMS from RDC,SKU0105,"Emtricitabine/Tenofovir Disoproxil Fumarate 200/300mg, tablets, 30 Tabs",Generic,30,50000,448500,8.97,0.3,Mylan (formerly Matrix) Nashik,See DN-2582 (ID#:82459),See DN-2582 (ID#:82459),628.8
82461,Rwanda,PMO - US,From RDC,N/A - From RDC,Air,12-Mar-12,5-Mar-12,HRDT,HIV test,SCMS from RDC,SKU0009,"HIV 1/2, Uni-Gold HIV Kit, 20 Tests",Uni-Gold,20,1000,32000,32,1.6,"Trinity Biotech, Plc",334,3494.5,44.86
82462,Uganda,PMO - US,From RDC,N/A - From RDC,Truck,24-Apr-12,27-Feb-12,ARV,Adult,SCMS from RDC,SKU0054,"Lamivudine/Nevirapine/Zidovudine 150/200/300mg, tablets, 60 Tabs",Generic,60,5525,60775,11,0.18,Mylan (formerly Matrix) Nashik,1414,4054.19,85.21
82463,Uganda,PMO - US,From RDC,N/A - From RDC,Truck,24-Apr-12,27-Feb-12,ARV,Adult,SCMS from RDC,SKU0107,"Lamivudine/Tenofovir Disoproxil Fumarate 300/300mg, tablets, 30 Tabs",Generic,30,3900,23712,6.08,0.2,Mylan (formerly Matrix) Nashik,See DN-2597 (ID#:82462),See DN-2597 (ID#:82462),33.24
82464,Uganda,PMO - US,From RDC,N/A - From RDC,Truck,24-Apr-12,27-Feb-12,ARV,Adult,SCMS from RDC,SKU0007,"Nevirapine 200mg, tablets, 60 Tabs",Generic,60,1700,4267,2.51,0.04,"Strides, Bangalore, India.",See DN-2597 (ID#:82462),See DN-2597 (ID#:82462),5.98
82465,Tanzania,PMO - US,From RDC,N/A - From RDC,Truck,4-May-12,11-Apr-12,ARV,Adult,SCMS from RDC,SKU0011,"Lamivudine/Zidovudine 150/300mg, tablets, 60 Tabs",Generic,60,22340,184528.4,8.26,0.14,"Aurobindo Unit III, India",20975,3279.25,304.47
82466,Côte d'Ivoire,PMO - US,From RDC,N/A - From RDC,Air,16-Apr-12,6-Apr-12,ARV,Adult,SCMS from RDC,SKU0014,"Zidovudine 300mg, tablets, 60 Tabs",Generic,60,13860,97297.2,7.02,0.12,"Aurobindo Unit III, India",662,3848.91,136.41
82467,Zimbabwe,PMO - US,From RDC,N/A - From RDC,Truck,13-Apr-12,10-Apr-12,ARV,Adult,SCMS from RDC,SKU0011,"Lamivudine/Zidovudine 150/300mg, tablets, 60 Tabs",Generic,60,3345,26760,8,0.13,"Aurobindo Unit VII, IN",21063,29250.68,44.15
82468,Burundi,PMO - US,From RDC,N/A - From RDC,Air,26-Apr-12,30-Apr-12,ARV,Adult,SCMS from RDC,SKU0058,"Abacavir 300mg, tablets, 60 Tabs",Generic,60,350,4602.5,13.15,0.22,Mylan (formerly Matrix) Nashik,36,1188.75,6.45
82486,Uganda,PMO - US,From RDC,N/A - From RDC,Air,5-Jul-12,16-Jul-12,ARV,Adult,SCMS from RDC,SKU0026,"Efavirenz 600mg, tablets, 30 Tabs",Generic,30,45840,179234.4,3.91,0.13,"Strides, Bangalore, India.",5486,27321.52,251.29
82469,Nigeria,PMO - US,From RDC,N/A - From RDC,Air Charter,20-Jun-12,30-Apr-12,ARV,Adult,SCMS from RDC,SKU0132,"Efavirenz/Emtricitabine/Tenofovir Disoproxil Fumarate 600/200/300mg, tablets, 30 Tabs",Generic,30,50000,813500,16.27,0.54,Mylan (formerly Matrix) Nashik,6078,27441.22,1140.53
82470,Nigeria,PMO - US,From RDC,N/A - From RDC,Air Charter,20-Jun-12,30-Apr-12,ARV,Adult,SCMS from RDC,SKU0011,"Lamivudine/Zidovudine 150/300mg, tablets, 60 Tabs",Generic,60,29980,233244.4,7.78,0.13,Mylan (formerly Matrix) Nashik,2721,27441.22,327.01
82471,Uganda,PMO - US,From RDC,N/A - From RDC,Truck,3-Jul-12,18-May-12,ARV,Adult,SCMS from RDC,SKU0107,"Lamivudine/Tenofovir Disoproxil Fumarate 300/300mg, tablets, 30 Tabs",Generic,30,1500,8310,5.54,0.18,Mylan (formerly Matrix) Nashik,729,3758.4,11.65
82472,Uganda,PMO - US,From RDC,N/A - From RDC,Truck,3-Jul-12,18-May-12,ARV,Adult,SCMS from RDC,SKU0007,"Nevirapine 200mg, tablets, 60 Tabs",Generic,60,750,1830,2.44,0.04,"Strides, Bangalore, India.",See DN-2643 (ID#:82471),See DN-2643 (ID#:82471),2.57
82473,Uganda,PMO - US,From RDC,N/A - From RDC,Truck,29-Jun-12,22-May-12,ARV,Adult,SCMS from RDC,SKU0135,"Lopinavir/Ritonavir 200/50mg, tablets, 120 Tabs",Generic,120,6899,204762.32,29.68,0.25,"Aurobindo Unit III, India",1859,10611,287.08
82474,Zimbabwe,PMO - US,From RDC,N/A - From RDC,Truck,31-May-12,25-May-12,ARV,Adult,SCMS from RDC,SKU0007,"Nevirapine 200mg, tablets, 60 Tabs",Generic,60,16873,41170.12,2.44,0.04,"Aurobindo Unit III, India",8433,15219.71,67.93
82497,Nigeria,PMO - US,From RDC,N/A - From RDC,Air Charter,2-Aug-12,24-Jul-12,ARV,Adult,SCMS from RDC,SKU0003,"Lamivudine 150mg, tablets, 60 Tabs",Generic,60,10020,23346.6,2.33,0.04,Hetero Unit III Hyderabad IN,645,16532.5,32.73
82475,Zambia,PMO - US,From RDC,N/A - From RDC,Truck,1-Jun-12,28-May-12,ARV,Adult,SCMS from RDC,SKU0132,"Efavirenz/Emtricitabine/Tenofovir Disoproxil Fumarate 600/200/300mg, tablets, 30 Tabs",Generic,30,150000,2440500,16.27,0.54,Mylan (formerly Matrix) Nashik,17001,6079.27,4026.82
82476,Zambia,PMO - US,From RDC,N/A - From RDC,Truck,15-Jun-12,28-May-12,ARV,Adult,SCMS from RDC,SKU0132,"Efavirenz/Emtricitabine/Tenofovir Disoproxil Fumarate 600/200/300mg, tablets, 30 Tabs",Generic,30,10000,167300,16.73,0.56,Mylan (formerly Matrix) Nashik,1133,6079.27,234.55
82477,Côte d'Ivoire,PMO - US,From RDC,N/A - From RDC,Air,30-May-12,30-May-12,ARV,Adult,SCMS from RDC,SKU0011,"Lamivudine/Zidovudine 150/300mg, tablets, 60 Tabs",Generic,60,69684,542141.52,7.78,0.13,Mylan (formerly Matrix) Nashik,6798,26205.83,760.08
82478,Mozambique,PMO - US,From RDC,N/A - From RDC,Truck,3-Jul-12,28-Jun-12,ARV,Pediatric,SCMS from RDC,SKU0126,"Nevirapine 10mg/ml, oral suspension w/syringe, Bottle, 240 ml",Generic,240,60968,118887.6,1.95,0.01,"Aurobindo Unit III, India",53692,29683.06,166.68
82479,Nigeria,PMO - US,From RDC,N/A - From RDC,Air Charter,4-Jul-12,3-Jun-12,ARV,Adult,SCMS from RDC,SKU0054,"Lamivudine/Nevirapine/Zidovudine 150/200/300mg, tablets, 60 Tabs",Generic,60,220000,2420000,11,0.18,"Aurobindo Unit III, India",28776,17090,3392.84
82480,Nigeria,PMO - US,From RDC,N/A - From RDC,Air Charter,2-Aug-12,3-Jun-12,ARV,Adult,SCMS from RDC,SKU0026,"Efavirenz 600mg, tablets, 30 Tabs",Generic,30,70000,273700,3.91,0.13,"Strides, Bangalore, India.",6889,17090,383.73
82481,Zimbabwe,PMO - US,From RDC,N/A - From RDC,Truck,14-Aug-12,27-Jun-12,ARV,Adult,SCMS from RDC,SKU0011,"Lamivudine/Zidovudine 150/300mg, tablets, 60 Tabs",Generic,60,3345,26024.1,7.78,0.13,Mylan (formerly Matrix) Nashik,7095,5530.11,42.94
82482,Zimbabwe,PMO - US,From RDC,N/A - From RDC,Truck,31-Jul-12,27-Jun-12,ARV,Adult,SCMS from RDC,SKU0014,"Zidovudine 300mg, tablets, 60 Tabs",Generic,60,36192,254067.84,7.02,0.12,Mylan (formerly Matrix) Nashik,2036,5530.12,419.21
82483,Zimbabwe,PMO - US,From RDC,N/A - From RDC,Truck,16-Oct-12,27-Jun-12,ARV,Adult,SCMS from RDC,SKU0011,"Lamivudine/Zidovudine 150/300mg, tablets, 60 Tabs",Generic,60,3345,26024.1,7.78,0.13,Mylan (formerly Matrix) Nashik,7114,5530.11,42.94
82484,Côte d'Ivoire,PMO - US,From RDC,N/A - From RDC,Air,2-Jul-12,3-Jul-12,ARV,Adult,SCMS from RDC,SKU0003,"Lamivudine 150mg, tablets, 60 Tabs",Generic,60,9900,23067,2.33,0.04,"Strides, Bangalore, India.",451,2394.27,32.34
82485,Rwanda,PMO - US,From RDC,N/A - From RDC,Air,3-Jul-12,20-Jun-12,ARV,Adult,SCMS from RDC,SKU0007,"Nevirapine 200mg, tablets, 60 Tabs",Generic,60,40000,97600,2.44,0.04,"Aurobindo Unit III, India",3771,31029.99,136.84
82487,Nigeria,PMO - US,From RDC,N/A - From RDC,Air Charter,2-Aug-12,9-Jul-12,ARV,Adult,SCMS from RDC,SKU0026,"Efavirenz 600mg, tablets, 30 Tabs",Generic,30,50000,190500,3.81,0.13,Hetero Unit III Hyderabad IN,4944,21347.13,267.08
82489,Uganda,PMO - US,From RDC,N/A - From RDC,Air,17-Aug-12,1-Aug-12,ARV,Adult,SCMS from RDC,SKU0107,"Lamivudine/Tenofovir Disoproxil Fumarate 300/300mg, tablets, 30 Tabs",Generic,30,60000,332400,5.54,0.18,Mylan (formerly Matrix) Nashik,4547,30482.8,466.02
82490,Uganda,PMO - US,From RDC,N/A - From RDC,Truck,5-Sep-12,26-Jul-12,ARV,Adult,SCMS from RDC,SKU0054,"Lamivudine/Nevirapine/Zidovudine 150/200/300mg, tablets, 60 Tabs",Generic,60,157,1540.17,9.81,0.16,"Strides, Bangalore, India.",836,4911,2.16
82491,Côte d'Ivoire,PMO - US,From RDC,N/A - From RDC,Air,31-Jul-12,31-Jul-12,ARV,Adult,SCMS from RDC,SKU0054,"Lamivudine/Nevirapine/Zidovudine 150/200/300mg, tablets, 60 Tabs",Generic,60,80032,785113.92,9.81,0.16,"Aurobindo Unit III, India",11720,11702.27,1100.73
82492,Côte d'Ivoire,PMO - US,From RDC,N/A - From RDC,Air,31-Jul-12,31-Jul-12,ARV,Adult,SCMS from RDC,SKU0029,"Tenofovir Disoproxil Fumarate 300mg, tablets, 30 Tabs",Generic,30,1499,7225.18,4.82,0.16,"Aurobindo Unit III, India",123,2252.42,10.13
82493,Zambia,PMO - US,From RDC,N/A - From RDC,Truck,31-Jul-12,1-Aug-12,ARV,Adult,SCMS from RDC,SKU0058,"Abacavir 300mg, tablets, 60 Tabs",Generic,60,2548,33022.08,12.96,0.22,"Aurobindo Unit III, India",3090,11188.53,46.3
82494,Nigeria,PMO - US,From RDC,N/A - From RDC,Air Charter,2-Aug-12,24-Jul-12,ARV,Adult,SCMS from RDC,SKU0011,"Lamivudine/Zidovudine 150/300mg, tablets, 60 Tabs",Generic,60,52378,404358.16,7.72,0.13,"Cipla, Goa, India",7666,16532.5,566.91
82495,Uganda,PMO - US,From RDC,N/A - From RDC,Air,17-Sep-12,14-Aug-12,ARV,Adult,SCMS from RDC,SKU0054,"Lamivudine/Nevirapine/Zidovudine 150/200/300mg, tablets, 60 Tabs",Generic,60,72107,707369.67,9.81,0.16,Mylan (formerly Matrix) Nashik,9348,81100.77,991.73
82498,Côte d'Ivoire,PMO - US,From RDC,N/A - From RDC,Air,20-Aug-12,18-Aug-12,ARV,Adult,SCMS from RDC,SKU0132,"Efavirenz/Emtricitabine/Tenofovir Disoproxil Fumarate 600/200/300mg, tablets, 30 Tabs",Generic,30,14880,223795.2,15.04,0.5,Mylan (formerly Matrix) Nashik,1674,4754.53,313.76
82499,Zimbabwe,PMO - US,From RDC,N/A - From RDC,Truck,11-Dec-12,4-Sep-12,ARV,Adult,SCMS from RDC,SKU0107,"Lamivudine/Tenofovir Disoproxil Fumarate 300/300mg, tablets, 30 Tabs",Generic,30,44881,240562.16,5.36,0.18,Mylan (formerly Matrix) Nashik,7191,6014.22,396.93
82500,Mozambique,PMO - US,From RDC,N/A - From RDC,Truck,30-Nov-12,29-Oct-12,ARV,Pediatric,SCMS from RDC,SKU0117,"Zidovudine 10mg/ml, oral solution w/syringe, Bottle, 240 ml",Generic,240,7150,15015,2.1,0.01,"Aurobindo Unit III, India",2778,19730.62,21.05
82501,Côte d'Ivoire,PMO - US,From RDC,N/A - From RDC,Truck,29-Oct-12,27-Aug-12,ARV,Pediatric,SCMS from RDC,SKU0065,"Zidovudine 100mg, capsules, 100 Caps",Generic,100,490,2303,4.7,0.05,"Aurobindo Unit III, India",4359,12101.96,3.23
82502,Nigeria,PMO - US,From RDC,N/A - From RDC,Air,31-Aug-12,14-Aug-12,ARV,Adult,SCMS from RDC,SKU0003,"Lamivudine 150mg, tablets, 60 Tabs",Generic,60,64347,142850.34,2.22,0.04,Hetero Unit III Hyderabad IN,5950,18461.22,200.28
82503,Tanzania,PMO - US,From RDC,N/A - From RDC,Air,26-Oct-12,26-Oct-12,ARV,Adult,SCMS from RDC,SKU0011,"Lamivudine/Zidovudine 150/300mg, tablets, 60 Tabs",Generic,60,52770,407384.4,7.72,0.13,Mylan (formerly Matrix) Nashik,16510,82283.9,571.15
82504,Uganda,PMO - US,From RDC,N/A - From RDC,Air,29-Oct-12,29-Oct-12,ARV,Adult,SCMS from RDC,SKU0107,"Lamivudine/Tenofovir Disoproxil Fumarate 300/300mg, tablets, 30 Tabs",Generic,30,20201,111913.54,5.54,0.18,"Cipla, Kurkumbh, India",3865,19667.94,156.9
82505,Zambia,PMO - US,From RDC,N/A - From RDC,Truck,17-Sep-12,7-Sep-12,ARV,Adult,SCMS from RDC,SKU0014,"Zidovudine 300mg, tablets, 60 Tabs",Generic,60,16258,109904.08,6.76,0.11,Mylan (formerly Matrix) Nashik,2321,7317.48,181.34
82506,Zambia,PMO - US,From RDC,N/A - From RDC,Truck,25-Sep-12,7-Sep-12,ARV,Adult,SCMS from RDC,SKU0007,"Nevirapine 200mg, tablets, 60 Tabs",Generic,60,18867,46035.48,2.44,0.04,Mylan (formerly Matrix) Nashik,17125,7317.47,64.54
82507,Côte d'Ivoire,PMO - US,From RDC,N/A - From RDC,Truck,13-Nov-12,5-Sep-12,ARV,Adult,SCMS from RDC,SKU0011,"Lamivudine/Zidovudine 150/300mg, tablets, 60 Tabs",Generic,60,84900,660522,7.78,0.13,Mylan (formerly Matrix) Nashik,18204,36194.84,926.05
82508,Zambia,PMO - US,From RDC,N/A - From RDC,Truck,31-Oct-12,7-Sep-12,ARV,Adult,SCMS from RDC,SKU0003,"Lamivudine 150mg, tablets, 60 Tabs",Generic,60,57984,135102.72,2.33,0.04,Hetero Unit III Hyderabad IN,3144,7317.47,189.41
82509,Uganda,PMO - US,From RDC,N/A - From RDC,Air,30-Oct-12,30-Oct-12,ARV,Adult,SCMS from RDC,SKU0026,"Efavirenz 600mg, tablets, 30 Tabs",Generic,30,60000,234600,3.91,0.13,Hetero Unit III Hyderabad IN,5000,24889,328.91
82510,Rwanda,PMO - US,From RDC,N/A - From RDC,Air,30-Oct-12,30-Oct-12,ARV,Adult,SCMS from RDC,SKU0058,"Abacavir 300mg, tablets, 60 Tabs",Generic,60,18620,244853,13.15,0.22,Mylan (formerly Matrix) Nashik,1928,5825.17,343.28
82511,South Sudan,PMO - US,From RDC,N/A - From RDC,Air,15-Nov-12,23-Oct-12,ARV,Adult,SCMS from RDC,SKU0003,"Lamivudine 150mg, tablets, 60 Tabs",Generic,60,270,599.4,2.22,0.04,Hetero Unit III Hyderabad IN,513,4934.43,0.84
82512,Rwanda,PMO - US,From RDC,N/A - From RDC,Air,19-Oct-12,18-Oct-12,ARV,Adult,SCMS from RDC,SKU0107,"Lamivudine/Tenofovir Disoproxil Fumarate 300/300mg, tablets, 30 Tabs",Generic,30,36390,201600.6,5.54,0.18,Mylan (formerly Matrix) Nashik,3863,23249.47,282.64
82513,Côte d'Ivoire,PMO - US,From RDC,N/A - From RDC,Truck,29-Oct-12,1-Oct-12,ARV,Adult,SCMS from RDC,SKU0026,"Efavirenz 600mg, tablets, 30 Tabs",Generic,30,2000,7620,3.81,0.13,"Strides, Bangalore, India.",4026,15677.98,10.68
82514,Zambia,PMO - US,From RDC,N/A - From RDC,Truck,10-Oct-12,5-Oct-12,ARV,Adult,SCMS from RDC,SKU0105,"Emtricitabine/Tenofovir Disoproxil Fumarate 200/300mg, tablets, 30 Tabs",Generic,30,167825,1105966.75,6.59,0.22,Mylan (formerly Matrix) Nashik,26199,34356.26,1550.57
82515,Uganda,PMO - US,From RDC,N/A - From RDC,Air,25-Oct-12,22-Oct-12,ARV,Adult,SCMS from RDC,SKU0003,"Lamivudine 150mg, tablets, 60 Tabs",Generic,60,1659,3682.98,2.22,0.04,Hetero Unit III Hyderabad IN,958,7659.33,5.16
82516,Côte d'Ivoire,PMO - US,From RDC,N/A - From RDC,Truck,15-Oct-12,5-Oct-12,ARV,Adult,SCMS from RDC,SKU0135,"Lopinavir/Ritonavir 200/50mg, tablets, 120 Tabs",Generic,120,24097,643389.9,26.7,0.22,Mylan (formerly Matrix) Nashik,6375,18661.97,902.03
82518,Rwanda,PMO - US,From RDC,N/A - From RDC,Air,31-Oct-12,30-Oct-12,ARV,Adult,SCMS from RDC,SKU0113,"Efavirenz/Lamivudine/Tenofovir Disoproxil Fumarate 600/300/300mg, tablets, 30 Tabs",Generic,30,59989,796054.03,13.27,0.44,Mylan (formerly Matrix) Nashik,7242,5825.18,1116.07
82519,Cameroon,PMO - US,From RDC,N/A - From RDC,Air Charter,24-Oct-12,17-Oct-12,ARV,Adult,SCMS from RDC,SKU0054,"Lamivudine/Nevirapine/Zidovudine 150/200/300mg, tablets, 60 Tabs",Generic,60,152000,1462240,9.62,0.16,Mylan (formerly Matrix) Nashik,43571,67732.54,2050.06
82520,Cameroon,PMO - US,From RDC,N/A - From RDC,Air Charter,7-Nov-12,17-Oct-12,ARV,Adult,SCMS from RDC,SKU0107,"Lamivudine/Tenofovir Disoproxil Fumarate 300/300mg, tablets, 30 Tabs",Generic,30,10000,53600,5.36,0.18,"Cipla, Kurkumbh, India",4486,76176.43,75.15
82522,Côte d'Ivoire,PMO - US,From RDC,N/A - From RDC,Truck,31-Oct-12,26-Oct-12,ARV,Adult,SCMS from RDC,SKU0135,"Lopinavir/Ritonavir 200/50mg, tablets, 120 Tabs",Generic,120,503,13430.1,26.7,0.22,"Aurobindo Unit III, India",123,1783.64,18.83
82523,Côte d'Ivoire,PMO - US,From RDC,N/A - From RDC,Truck,15-Dec-12,24-Oct-12,ARV,Pediatric,SCMS from RDC,SKU0142,"Efavirenz 200mg, scored tablets, 90 Tabs",Generic,90,4120,30076,7.3,0.08,"Strides, Bangalore, India.",253,4261.03,42.17
82524,Côte d'Ivoire,PMO - US,From RDC,N/A - From RDC,Truck,14-Dec-12,24-Oct-12,ARV,Adult,SCMS from RDC,SKU0162,"Abacavir/Lamivudine 600/300mg, scored tablets, 30 Tabs",Generic,30,2500,56250,22.5,0.75,"Aurobindo Unit III, India",2147,8211.03,78.86
82525,Nigeria,PMO - US,From RDC,N/A - From RDC,Air,6-Nov-12,6-Nov-12,ARV,Adult,SCMS from RDC,SKU0007,"Nevirapine 200mg, tablets, 60 Tabs",Generic,60,200000,484000,2.42,0.04,"Strides, Bangalore, India.",12028,15459.09,678.57
82526,Uganda,PMO - US,From RDC,N/A - From RDC,Truck,31-Dec-12,19-Nov-12,ARV,Adult,SCMS from RDC,SKU0113,"Efavirenz/Lamivudine/Tenofovir Disoproxil Fumarate 600/300/300mg, tablets, 30 Tabs",Generic,30,125014,1658935.78,13.27,0.44,Mylan (formerly Matrix) Nashik,14275,131278.81,2325.83
82527,Uganda,PMO - US,From RDC,N/A - From RDC,Truck,10-Dec-12,19-Nov-12,ARV,Adult,SCMS from RDC,SKU0107,"Lamivudine/Tenofovir Disoproxil Fumarate 300/300mg, tablets, 30 Tabs",Generic,30,26432,141675.52,5.36,0.18,Hetero Unit III Hyderabad IN,5212,24772.95,198.63
82528,Mozambique,PMO - US,From RDC,N/A - From RDC,Truck,11-Jan-13,11-Jan-13,ARV,Adult,SCMS from RDC,SKU0054,"Lamivudine/Nevirapine/Zidovudine 150/200/300mg, tablets, 60 Tabs",Generic,60,97516,945905.2,9.7,0.16,Hetero Unit III Hyderabad IN,12104,7433.02,1326.16
82529,Zimbabwe,PMO - US,From RDC,N/A - From RDC,Truck,21-Dec-12,11-Dec-12,ARV,Adult,SCMS from RDC,SKU0107,"Lamivudine/Tenofovir Disoproxil Fumarate 300/300mg, tablets, 30 Tabs",Generic,30,188201,1008757.36,5.36,0.18,Hetero Unit III Hyderabad IN,23127,11444.77,1414.28
82530,Zimbabwe,PMO - US,From RDC,N/A - From RDC,Truck,14-Dec-12,11-Dec-12,ARV,Pediatric,SCMS from RDC,SKU0093,"Lamivudine/Nevirapine/Stavudine 30/50/6mg, dispersible tablets, 60 Tabs",Generic,60,20451,47037.3,2.3,0.04,"Cipla, Goa, India",10118,9251.8,65.95
82531,Nigeria,PMO - US,From RDC,N/A - From RDC,Air,4-Dec-12,4-Dec-12,ARV,Adult,SCMS from RDC,SKU0007,"Nevirapine 200mg, tablets, 60 Tabs",Generic,60,16870,40825.4,2.42,0.04,"Strides, Bangalore, India.",7973,51090,57.24
82532,Uganda,PMO - US,From RDC,N/A - From RDC,Air,1-Feb-13,1-Feb-13,ARV,Adult,SCMS from RDC,SKU0054,"Lamivudine/Nevirapine/Zidovudine 150/200/300mg, tablets, 60 Tabs",Generic,60,13830,133044.6,9.62,0.16,Hetero Unit III Hyderabad IN,2400,18337.82,186.53
82533,Nigeria,PMO - US,From RDC,N/A - From RDC,Air,30-Nov-12,4-Dec-12,ARV,Adult,SCMS from RDC,SKU0107,"Lamivudine/Tenofovir Disoproxil Fumarate 300/300mg, tablets, 30 Tabs",Generic,30,66637,357174.32,5.36,0.18,"Cipla, Kurkumbh, India",25523,51090,500.76
82534,Côte d'Ivoire,PMO - US,From RDC,N/A - From RDC,Truck,31-Dec-12,6-Dec-12,ARV,Adult,SCMS from RDC,SKU0026,"Efavirenz 600mg, tablets, 30 Tabs",Generic,30,14368,52299.52,3.64,0.12,"Strides, Bangalore, India.",4409,17192.4,73.32
82535,Côte d'Ivoire,PMO - US,From RDC,N/A - From RDC,Truck,10-Jan-13,27-Dec-12,ARV,Adult,SCMS from RDC,SKU0107,"Lamivudine/Tenofovir Disoproxil Fumarate 300/300mg, tablets, 30 Tabs",Generic,30,9767,52351.12,5.36,0.18,"Cipla, Kurkumbh, India",852,3026.61,73.4
82536,Zimbabwe,PMO - US,From RDC,N/A - From RDC,Truck,21-Dec-12,13-Dec-12,ARV,Adult,SCMS from RDC,SKU0054,"Lamivudine/Nevirapine/Zidovudine 150/200/300mg, tablets, 60 Tabs",Generic,60,15120,135626.4,8.97,0.15,"Cipla, Goa, India",5754,10075.8,190.15
82537,Uganda,PMO - US,From RDC,N/A - From RDC,Air,2-Feb-13,2-Feb-13,ARV,Adult,SCMS from RDC,SKU0107,"Lamivudine/Tenofovir Disoproxil Fumarate 300/300mg, tablets, 30 Tabs",Generic,30,5580,26839.8,4.81,0.16,"Cipla, Kurkumbh, India",1187,9609.69,37.63
82538,"Congo, DRC",PMO - US,From RDC,N/A - From RDC,Air,11-Sep-13,11-Sep-13,ARV,Adult,SCMS from RDC,SKU0011,"Lamivudine/Zidovudine 150/300mg, tablets, 60 Tabs",Generic,60,647,4703.69,7.27,0.12,Mylan (formerly Matrix) Nashik,5897,40434.04,5.82
82539,"Congo, DRC",PMO - US,From RDC,N/A - From RDC,Air,11-Sep-13,11-Sep-13,ARV,Adult,SCMS from RDC,SKU0113,"Efavirenz/Lamivudine/Tenofovir Disoproxil Fumarate 600/300/300mg, tablets, 30 Tabs",Generic,30,2952,35748.72,12.11,0.4,Mylan (formerly Matrix) Nashik,See DN-2981 (ID#:82538),See DN-2981 (ID#:82538),44.22
82540,Zimbabwe,PMO - US,From RDC,N/A - From RDC,Truck,11-Feb-13,11-Feb-13,ARV,Adult,SCMS from RDC,SKU0011,"Lamivudine/Zidovudine 150/300mg, tablets, 60 Tabs",Generic,60,7867,57193.09,7.27,0.12,"Cipla, Goa, India",704,25568,80.18
82541,Nigeria,PMO - US,From RDC,N/A - From RDC,Air Charter,11-Feb-13,11-Feb-13,ARV,Adult,SCMS from RDC,SKU0105,"Emtricitabine/Tenofovir Disoproxil Fumarate 200/300mg, tablets, 30 Tabs",Generic,30,100000,638000,6.38,0.21,Mylan (formerly Matrix) Nashik,8850,29780.5,894.48
82542,Uganda,PMO - US,From RDC,N/A - From RDC,Air,11-Feb-13,7-Mar-13,ARV,Adult,SCMS from RDC,SKU0132,"Efavirenz/Emtricitabine/Tenofovir Disoproxil Fumarate 600/200/300mg, tablets, 30 Tabs",Generic,30,7126,97554.94,13.69,0.46,Mylan (formerly Matrix) Nashik,2261,13252.2,136.77
82544,Côte d'Ivoire,PMO - US,From RDC,N/A - From RDC,Truck,28-Mar-13,28-Feb-13,ARV,Adult,SCMS from RDC,SKU0107,"Lamivudine/Tenofovir Disoproxil Fumarate 300/300mg, tablets, 30 Tabs",Generic,30,10000,47000,4.7,0.16,Hetero Unit III Hyderabad IN,1387,10680.14,65.89
82545,Côte d'Ivoire,PMO - US,From RDC,N/A - From RDC,Truck,28-Mar-13,28-Feb-13,ARV,Adult,SCMS from RDC,SKU0107,"Lamivudine/Tenofovir Disoproxil Fumarate 300/300mg, tablets, 30 Tabs",Generic,30,6500,30550,4.7,0.16,Hetero Unit III Hyderabad IN,677,3880.14,42.83
82546,Uganda,PMO - US,From RDC,N/A - From RDC,Air,4-Apr-13,7-Mar-13,ARV,Adult,SCMS from RDC,SKU0007,"Nevirapine 200mg, tablets, 60 Tabs",Generic,60,32298,72993.48,2.26,0.04,"Aurobindo Unit III, India",6528,21806.84,90.29
82547,South Sudan,PMO - US,From RDC,N/A - From RDC,Air,31-Mar-13,22-Mar-13,ARV,Pediatric,SCMS from RDC,SKU0126,"Nevirapine 10mg/ml, oral suspension w/syringe, Bottle, 240 ml",Generic,240,2976,5803.2,1.95,0.01,"Aurobindo Unit III, India",1108,10754,7.18
82548,Nigeria,PMO - US,From RDC,N/A - From RDC,Air Charter,15-Mar-13,21-Feb-13,ARV,Adult,SCMS from RDC,SKU0007,"Nevirapine 200mg, tablets, 60 Tabs",Generic,60,33571,75870.46,2.26,0.04,Hetero Unit III Hyderabad IN,12785,37242.5,106.37
82549,Zimbabwe,PMO - US,From RDC,N/A - From RDC,Truck,14-Mar-13,14-Mar-13,ARV,Adult,SCMS from RDC,SKU0054,"Lamivudine/Nevirapine/Zidovudine 150/200/300mg, tablets, 60 Tabs",Generic,60,15120,129729.6,8.58,0.14,"Aurobindo Unit III, India",23677,9405.81,181.88
82550,Zimbabwe,PMO - US,From RDC,N/A - From RDC,Truck,15-Mar-13,14-Mar-13,ARV,Adult,SCMS from RDC,SKU0113,"Efavirenz/Lamivudine/Tenofovir Disoproxil Fumarate 600/300/300mg, tablets, 30 Tabs",Generic,30,20160,244137.6,12.11,0.4,Mylan (formerly Matrix) Nashik,2268,9405.81,302
82551,Zimbabwe,PMO - US,From RDC,N/A - From RDC,Truck,31-Mar-13,14-Mar-13,ARV,Pediatric,SCMS from RDC,SKU0070,"Lamivudine/Stavudine 30/6mg, dispersible tablets, 60 Tabs",Generic,60,7372,14006.8,1.9,0.03,"Cipla, Goa, India",5453,9405.81,19.64
82552,Zimbabwe,PMO - US,From RDC,N/A - From RDC,Truck,31-Mar-13,14-Mar-13,ARV,Pediatric,SCMS from RDC,SKU0093,"Lamivudine/Nevirapine/Stavudine 30/50/6mg, dispersible tablets, 60 Tabs",Generic,60,28220,64906,2.3,0.04,"Cipla, Goa, India",See DN-3032 (ID#:82551),See DN-3032 (ID#:82551),91
82553,Uganda,PMO - US,From RDC,N/A - From RDC,Truck,29-Mar-13,6-Mar-13,ARV,Pediatric,SCMS from RDC,SKU0131,"Lamivudine/Zidovudine 30/60mg, tablets, 60 Tabs",Generic,60,1731,3912.06,2.26,0.04,Mylan (formerly Matrix) Nashik,76,936.81,4.84
82554,Haiti,PMO - US,From RDC,N/A - From RDC,Air,9-Apr-13,14-Mar-13,ARV,Adult,SCMS from RDC,SKU0026,"Efavirenz 600mg, tablets, 30 Tabs",Generic,30,39936,132986.88,3.33,0.11,"Strides, Bangalore, India.",16035,161712.87,164.5
82555,Haiti,PMO - US,From RDC,N/A - From RDC,Air,9-Apr-13,14-Mar-13,ARV,Adult,SCMS from RDC,SKU0029,"Tenofovir Disoproxil Fumarate 300mg, tablets, 30 Tabs",Generic,30,192,775.68,4.04,0.13,Mylan (formerly Matrix) Nashik,See DN-3015 (ID#:82554),See DN-3015 (ID#:82554),0.96
82556,Nigeria,PMO - US,From RDC,N/A - From RDC,Air Charter,15-Mar-13,21-Feb-13,ARV,Adult,SCMS from RDC,SKU0011,"Lamivudine/Zidovudine 150/300mg, tablets, 60 Tabs",Generic,60,31971,232429.17,7.27,0.12,Mylan (formerly Matrix) Nashik,11111,37242.5,325.87
82557,Nigeria,PMO - US,From RDC,N/A - From RDC,Air Charter,15-Mar-13,21-Feb-13,ARV,Adult,SCMS from RDC,SKU0011,"Lamivudine/Zidovudine 150/300mg, tablets, 60 Tabs",Generic,60,42805,311192.35,7.27,0.12,"Cipla, Goa, India",See DN-3029 (ID#:82556),See DN-3029 (ID#:82556),436.29
82558,Nigeria,PMO - US,From RDC,N/A - From RDC,Air Charter,15-Mar-13,21-Feb-13,ARV,Adult,SCMS from RDC,SKU0132,"Efavirenz/Emtricitabine/Tenofovir Disoproxil Fumarate 600/200/300mg, tablets, 30 Tabs",Generic,30,105014,1437641.66,13.69,0.46,Mylan (formerly Matrix) Nashik,13392,37242.5,2015.57
82559,Zimbabwe,PMO - US,From RDC,N/A - From RDC,Truck,31-Jul-13,14-Mar-13,ARV,Adult,SCMS from RDC,SKU0113,"Efavirenz/Lamivudine/Tenofovir Disoproxil Fumarate 600/300/300mg, tablets, 30 Tabs",Generic,30,20160,244137.6,12.11,0.4,Mylan (formerly Matrix) Nashik,2266,9405.81,302
82560,Guyana,PMO - US,From RDC,N/A - From RDC,Truck,18-Apr-13,15-Mar-13,ARV,Pediatric,SCMS from RDC,SKU0142,"Efavirenz 200mg, scored tablets, 90 Tabs",Generic,90,49,357.7,7.3,0.08,"Strides, Bangalore, India.",110,3178,0.44
82562,South Sudan,PMO - US,From RDC,N/A - From RDC,Air,17-Apr-13,23-Apr-13,ARV,Pediatric,SCMS from RDC,SKU0140,"Lamivudine/Nevirapine/Zidovudine 30/50/60mg, dispersible tablets, 60 Tabs",Generic,60,549,2278.35,4.15,0.07,Mylan (formerly Matrix) Nashik,37,1198.68,2.82
82564,Zimbabwe,PMO - US,From RDC,N/A - From RDC,Truck,31-Jul-13,13-Apr-13,ARV,Adult,SCMS from RDC,SKU0113,"Efavirenz/Lamivudine/Tenofovir Disoproxil Fumarate 600/300/300mg, tablets, 30 Tabs",Generic,30,40320,488275.2,12.11,0.4,Mylan (formerly Matrix) Nashik,4536,29733.53,604
82565,"Congo, DRC",PMO - US,From RDC,N/A - From RDC,Air,27-Nov-13,27-Nov-13,ARV,Adult,SCMS from RDC,SKU0014,"Zidovudine 300mg, tablets, 60 Tabs",Generic,60,6362,43007.12,6.76,0.11,"Aurobindo Unit III, India",315,2030.96,53.2
82566,Guyana,PMO - US,From RDC,N/A - From RDC,Air,18-Apr-13,19-Apr-13,ARV,Adult,SCMS from RDC,SKU0014,"Zidovudine 300mg, tablets, 60 Tabs",Generic,60,1927,13026.52,6.76,0.11,"Aurobindo Unit III, India",466,5724.4,16.11
82567,South Sudan,PMO - US,From RDC,N/A - From RDC,Air,30-Apr-13,26-Apr-13,ARV,Adult,SCMS from RDC,SKU0014,"Zidovudine 300mg, tablets, 60 Tabs",Generic,60,4560,30825.6,6.76,0.11,"Aurobindo Unit III, India",230,1740.47,38.13
82568,Mozambique,PMO - US,From RDC,N/A - From RDC,Air,4-Jul-13,4-Jul-13,ARV,Adult,SCMS from RDC,SKU0026,"Efavirenz 600mg, tablets, 30 Tabs",Generic,30,17037,56733.21,3.33,0.11,"Strides, Bangalore, India.",1750,9758.5,70.18
82569,Burundi,PMO - US,From RDC,N/A - From RDC,Air,31-May-13,23-May-13,ARV,Adult,SCMS from RDC,SKU0054,"Lamivudine/Nevirapine/Zidovudine 150/200/300mg, tablets, 60 Tabs",Generic,60,2208,18944.64,8.58,0.14,Hetero Unit III Hyderabad IN,652,3763.2,23.43
82570,Uganda,PMO - US,From RDC,N/A - From RDC,Truck,7-Jun-13,7-Jun-13,ARV,Adult,SCMS from RDC,SKU0014,"Zidovudine 300mg, tablets, 60 Tabs",Generic,60,1530,10006.2,6.54,0.11,"Aurobindo Unit III, India",11337,23809.39,12.38
82571,South Sudan,PMO - US,From RDC,N/A - From RDC,Air,30-Apr-13,24-Apr-13,ARV,Adult,SCMS from RDC,SKU0107,"Lamivudine/Tenofovir Disoproxil Fumarate 300/300mg, tablets, 30 Tabs",Generic,30,1447,6800.9,4.7,0.16,"Aurobindo Unit VII, IN",1309,12356,8.41
82572,Uganda,PMO - US,From RDC,N/A - From RDC,Air,9-May-13,7-May-13,ARV,Adult,SCMS from RDC,SKU0113,"Efavirenz/Lamivudine/Tenofovir Disoproxil Fumarate 600/300/300mg, tablets, 30 Tabs",Generic,30,229285,2412078.2,10.52,0.35,Hetero Unit III Hyderabad IN,29934,34003.7,2983.74
82573,Mozambique,PMO - US,From RDC,N/A - From RDC,Truck,1-Aug-13,1-Aug-13,ARV,Adult,SCMS from RDC,SKU0054,"Lamivudine/Nevirapine/Zidovudine 150/200/300mg, tablets, 60 Tabs",Generic,60,120000,1029600,8.58,0.14,"Aurobindo Unit III, India",36920,29935.05,1273.62
82574,Nigeria,PMO - US,From RDC,N/A - From RDC,Air Charter,21-May-13,6-May-13,ARV,Adult,SCMS from RDC,SKU0007,"Nevirapine 200mg, tablets, 60 Tabs",Generic,60,57227,129333.02,2.26,0.04,"Strides, Bangalore, India.",4844,21591.1,159.98
82575,Uganda,PMO - US,From RDC,N/A - From RDC,Truck,28-Jun-13,7-Jun-13,ARV,Pediatric,SCMS from RDC,SKU0093,"Lamivudine/Nevirapine/Stavudine 30/50/6mg, dispersible tablets, 60 Tabs",Generic,60,475,1092.5,2.3,0.04,"Cipla, Goa, India",1982,8163.74,1.35
82577,Nigeria,PMO - US,From RDC,N/A - From RDC,Air Charter,21-May-13,10-May-13,ARV,Adult,SCMS from RDC,SKU0007,"Nevirapine 200mg, tablets, 60 Tabs",Generic,60,95000,214700,2.26,0.04,"Cipla, Goa, India",12686,41332.14,265.58
82578,Mozambique,PMO - US,From RDC,N/A - From RDC,Truck,26-Jul-13,26-Jul-13,ARV,Adult,SCMS from RDC,SKU0054,"Lamivudine/Nevirapine/Zidovudine 150/200/300mg, tablets, 60 Tabs",Generic,60,170900,1466322,8.58,0.14,"Cipla, Goa, India",Weight Captured Separately,Freight Included in Commodity Cost,1813.84
82582,Zambia,PMO - US,From RDC,N/A - From RDC,Truck,25-Jun-13,7-Jun-13,ARV,Adult,SCMS from RDC,SKU0007,"Nevirapine 200mg, tablets, 60 Tabs",Generic,60,3480,7864.8,2.26,0.04,"Cipla, Goa, India",424,11941.65,9.73
82583,Tanzania,PMO - US,From RDC,N/A - From RDC,Truck,31-May-13,18-Jun-13,ARV,Adult,SCMS from RDC,SKU0132,"Efavirenz/Emtricitabine/Tenofovir Disoproxil Fumarate 600/200/300mg, tablets, 30 Tabs",Generic,30,31000,401760,12.96,0.43,"Cipla, Goa, India",3674,22904.03,496.98
82584,Nigeria,PMO - US,From RDC,N/A - From RDC,Air Charter,28-May-13,28-May-13,ARV,Adult,SCMS from RDC,SKU0113,"Efavirenz/Lamivudine/Tenofovir Disoproxil Fumarate 600/300/300mg, tablets, 30 Tabs",Generic,30,180000,1893600,10.52,0.35,Hetero Unit III Hyderabad IN,26361,20761,2342.38
82585,Nigeria,PMO - US,From RDC,N/A - From RDC,Air Charter,4-Jun-13,29-May-13,ARV,Adult,SCMS from RDC,SKU0026,"Efavirenz 600mg, tablets, 30 Tabs",Generic,30,13481,44891.73,3.33,0.11,"Aurobindo Unit III, India",1296,20761,55.53
82588,Cameroon,PMO - US,From RDC,N/A - From RDC,Air Charter,22-Jul-13,14-Jul-13,ARV,Adult,SCMS from RDC,SKU0007,"Nevirapine 200mg, tablets, 60 Tabs",Generic,60,19683,44483.58,2.26,0.04,"Strides, Bangalore, India.",1733,20893.21,55.03
82589,Cameroon,PMO - US,From RDC,N/A - From RDC,Air Charter,22-Jul-13,31-Jul-13,ARV,Adult,SCMS from RDC,SKU0011,"Lamivudine/Zidovudine 150/300mg, tablets, 60 Tabs",Generic,60,6246,43722,7,0.12,"Aurobindo Unit III, India",18808,123945,54.08
82590,Burundi,PMO - US,From RDC,N/A - From RDC,Air,6-Aug-13,23-Aug-13,ARV,Adult,SCMS from RDC,SKU0026,"Efavirenz 600mg, tablets, 30 Tabs",Generic,30,4032,13426.56,3.33,0.11,"Aurobindo Unit III, India",336,4385.44,16.61
82591,Tanzania,PMO - US,From RDC,N/A - From RDC,Truck,29-Aug-13,10-Sep-13,ARV,Adult,SCMS from RDC,SKU0054,"Lamivudine/Nevirapine/Zidovudine 150/200/300mg, tablets, 60 Tabs",Generic,60,58920,505533.6,8.58,0.14,"Strides, Bangalore, India.",6560,8057.2,625.35
82593,Burundi,PMO - US,From RDC,N/A - From RDC,Air,6-Aug-13,21-May-13,ARV,Adult,SCMS from RDC,SKU0007,"Nevirapine 200mg, tablets, 60 Tabs",Generic,60,225,508.5,2.26,0.04,Hetero Unit III Hyderabad IN,Weight Captured Separately,Invoiced Separately,0.63
82594,Uganda,PMO - US,From RDC,N/A - From RDC,Air,30-Aug-13,10-Aug-13,ARV,Pediatric,SCMS from RDC,SKU0070,"Lamivudine/Stavudine 30/6mg, dispersible tablets, 60 Tabs",Generic,60,372,706.8,1.9,0.03,"Cipla, Goa, India",33,951.75,0.87
82595,"Congo, DRC",PMO - US,From RDC,N/A - From RDC,Air,27-Aug-13,8-Feb-14,ARV,Adult,SCMS from RDC,SKU0011,"Lamivudine/Zidovudine 150/300mg, tablets, 60 Tabs",Generic,60,10590,74130,7,0.12,Hetero Unit III Hyderabad IN,5426,20499.33,91.7
82596,"Congo, DRC",PMO - US,From RDC,N/A - From RDC,Air,27-Aug-13,8-Feb-14,ARV,Adult,SCMS from RDC,SKU0113,"Efavirenz/Lamivudine/Tenofovir Disoproxil Fumarate 600/300/300mg, tablets, 30 Tabs",Generic,30,7404,77890.08,10.52,0.35,Hetero Unit III Hyderabad IN,See DN-3268 (ID#:82595),See DN-3268 (ID#:82595),96.35
82597,Tanzania,PMO - US,From RDC,N/A - From RDC,Truck,30-Jul-13,15-Aug-13,ARV,Pediatric,SCMS from RDC,SKU0142,"Efavirenz 200mg, scored tablets, 90 Tabs",Generic,90,6823,49807.9,7.3,0.08,"Strides, Bangalore, India.",428,2376,61.61
82599,Mozambique,PMO - US,From RDC,N/A - From RDC,Truck,27-Sep-13,27-Sep-13,ARV,Adult,SCMS from RDC,SKU0026,"Efavirenz 600mg, tablets, 30 Tabs",Generic,30,40250,134032.5,3.33,0.11,"Hetero, Jadcherla, unit 5, IN",4223,4044.33,165.8
82600,Zimbabwe,PMO - US,From RDC,N/A - From RDC,Truck,18-Sep-13,20-Sep-13,ARV,Adult,SCMS from RDC,SKU0135,"Lopinavir/Ritonavir 200/50mg, tablets, 120 Tabs",Generic,120,8599,187286.22,21.78,0.18,Mylan (formerly Matrix) Nashik,2293,4529.67,231.67
82601,Tanzania,PMO - US,From RDC,N/A - From RDC,Truck,25-Oct-13,1-Oct-13,ARV,Adult,SCMS from RDC,SKU0132,"Efavirenz/Emtricitabine/Tenofovir Disoproxil Fumarate 600/200/300mg, tablets, 30 Tabs",Generic,30,12567,154574.1,12.3,0.41,"Aurobindo Unit VII, IN",1482,5474,191.21
82602,Côte d'Ivoire,PMO - US,From RDC,N/A - From RDC,Truck,30-Sep-13,20-Sep-13,ARV,Adult,SCMS from RDC,SKU0011,"Lamivudine/Zidovudine 150/300mg, tablets, 60 Tabs",Generic,60,21158,153818.66,7.27,0.12,Mylan (formerly Matrix) Nashik,3653,15614.89,190.27
82603,Guyana,PMO - US,From RDC,N/A - From RDC,Air,30-Sep-13,4-Oct-13,ARV,Pediatric,SCMS from RDC,SKU0142,"Efavirenz 200mg, scored tablets, 90 Tabs",Generic,90,71,660.3,9.3,0.1,"Strides, Bangalore, India.",395,1303,0.82
82604,Burundi,PMO - US,From RDC,N/A - From RDC,Air,3-Nov-13,5-Nov-13,ARV,Adult,SCMS from RDC,SKU0011,"Lamivudine/Zidovudine 150/300mg, tablets, 60 Tabs",Generic,60,6141,42987,7,0.12,"Cipla, Goa, India",741,3810.39,53.17
82605,Burundi,PMO - US,From RDC,N/A - From RDC,Air,3-Nov-13,5-Nov-13,ARV,Adult,SCMS from RDC,SKU0054,"Lamivudine/Nevirapine/Zidovudine 150/200/300mg, tablets, 60 Tabs",Generic,60,1344,11101.44,8.26,0.14,Hetero Unit III Hyderabad IN,See DN-3335 (ID#:82604),See DN-3335 (ID#:82604),13.73
82606,Zimbabwe,PMO - US,From RDC,N/A - From RDC,Truck,30-Sep-13,9-Oct-13,ARV,Adult,SCMS from RDC,SKU0113,"Efavirenz/Lamivudine/Tenofovir Disoproxil Fumarate 600/300/300mg, tablets, 30 Tabs",Generic,30,20160,224784,11.15,0.37,Mylan (formerly Matrix) Nashik,22074,21108.57,278.06
82611,Tanzania,PMO - US,From RDC,N/A - From RDC,Truck,31-Oct-13,4-Nov-13,ARV,Pediatric,SCMS from RDC,SKU0093,"Lamivudine/Nevirapine/Stavudine 30/50/6mg, dispersible tablets, 60 Tabs",Generic,60,6097,14023.1,2.3,0.04,"Cipla, Goa, India",12213,7607.2,17.35
82612,Nigeria,PMO - US,From RDC,N/A - From RDC,Air Charter,31-Oct-13,14-Oct-13,ARV,Adult,SCMS from RDC,SKU0054,"Lamivudine/Nevirapine/Zidovudine 150/200/300mg, tablets, 60 Tabs",Generic,60,75000,643500,8.58,0.14,"Cipla, Goa, India",22700,20225.07,796.01
82613,"Congo, DRC",PMO - US,From RDC,N/A - From RDC,Air,31-Oct-13,27-Jan-14,ARV,Adult,SCMS from RDC,SKU0014,"Zidovudine 300mg, tablets, 60 Tabs",Generic,60,10916,71390.64,6.54,0.11,"Aurobindo Unit III, India",652,8242.72,88.31
82617,Rwanda,PMO - US,From RDC,N/A - From RDC,Truck,31-Jan-14,23-Dec-13,ARV,Adult,SCMS from RDC,SKU0007,"Nevirapine 200mg, tablets, 60 Tabs",Generic,60,79999,180797.74,2.26,0.04,Hetero Unit III Hyderabad IN,9404,14088.22,223.65
82618,Guyana,PMO - US,From RDC,N/A - From RDC,Air,31-Dec-13,2-Dec-13,ARV,Adult,SCMS from RDC,SKU0014,"Zidovudine 300mg, tablets, 60 Tabs",Generic,60,1016,5669.28,5.58,0.09,"Aurobindo Unit III, India",615,8420.68,7.01
82619,Guyana,PMO - US,From RDC,N/A - From RDC,Air,31-Dec-13,2-Dec-13,ARV,Pediatric,SCMS from RDC,SKU0126,"Nevirapine 10mg/ml, oral suspension w/syringe, Bottle, 240 ml",Generic,240,394,732.84,1.86,0.01,"Aurobindo Unit III, India",See DN-3425 (ID#:82618),See DN-3425 (ID#:82618),0.91
82620,"Congo, DRC",PMO - US,From RDC,N/A - From RDC,Air,15-Nov-13,26-Jan-14,ARV,Pediatric,SCMS from RDC,SKU0126,"Nevirapine 10mg/ml, oral suspension w/syringe, Bottle, 240 ml",Generic,240,6032,11762.4,1.95,0.01,"Aurobindo Unit III, India",2572,16754.32,14.55
82621,Mozambique,PMO - US,From RDC,N/A - From RDC,Truck,15-Jan-14,15-Jan-14,ARV,Adult,SCMS from RDC,SKU0113,"Efavirenz/Lamivudine/Tenofovir Disoproxil Fumarate 600/300/300mg, tablets, 30 Tabs",Generic,30,44840,499966,11.15,0.37,Mylan (formerly Matrix) Nashik,5065,5419.21,618.46
82622,Côte d'Ivoire,PMO - US,From RDC,N/A - From RDC,Truck,29-Nov-13,10-Dec-13,ARV,Adult,SCMS from RDC,SKU0135,"Lopinavir/Ritonavir 200/50mg, tablets, 120 Tabs",Generic,120,1784,37464,21,0.18,Mylan (formerly Matrix) Nashik,475,3332.73,46.34
82623,Côte d'Ivoire,PMO - US,From RDC,N/A - From RDC,Truck,10-Dec-13,10-Dec-13,ARV,Pediatric,SCMS from RDC,SKU0130,"Lamivudine 10mg/ml, oral solution w/syringe, Bottle, 240 ml",Generic,240,11000,15950,1.45,0.01,"Aurobindo Unit III, India",3930,9378.14,19.73
82625,Nigeria,PMO - US,From RDC,N/A - From RDC,Air Charter,31-Dec-13,26-Nov-13,ARV,Pediatric,SCMS from RDC,SKU0140,"Lamivudine/Nevirapine/Zidovudine 30/50/60mg, dispersible tablets, 60 Tabs",Generic,60,70000,272300,3.89,0.06,Mylan (formerly Matrix) Nashik,3922,26340,336.84
82626,Zimbabwe,PMO - US,From RDC,N/A - From RDC,Truck,31-Jan-14,13-Jan-14,ARV,Pediatric,SCMS from RDC,SKU0140,"Lamivudine/Nevirapine/Zidovudine 30/50/60mg, dispersible tablets, 60 Tabs",Generic,60,92045,358055.05,3.89,0.06,"Strides, Bangalore, India.",5103,11604.57,442.91
82627,Tanzania,PMO - US,From RDC,N/A - From RDC,Truck,31-Jan-14,19-Feb-14,ARV,Adult,SCMS from RDC,SKU0008,"Lopinavir/Ritonavir 200/50mg [Aluvia], tablets, 120 Tabs",Aluvia,120,909,17743.68,19.52,0.16,ABBVIE Ludwigshafen Germany,8820,3541.59,21.95
82629,Haiti,PMO - US,From RDC,N/A - From RDC,Air,31-Jan-14,7-Feb-14,ARV,Pediatric,SCMS from RDC,SKU0070,"Lamivudine/Stavudine 30/6mg, dispersible tablets, 60 Tabs",Generic,60,58,110.2,1.9,0.03,"Cipla, Goa, India",Weight Captured Separately,Invoiced Separately,0.14
82631,Rwanda,PMO - US,From RDC,N/A - From RDC,Truck,31-Jan-14,10-Jan-14,ARV,Adult,SCMS from RDC,SKU0011,"Lamivudine/Zidovudine 150/300mg, tablets, 60 Tabs",Generic,60,16000,112000,7,0.12,"Cipla, Goa, India",1412,20049.08,138.54
82633,Mozambique,PMO - US,From RDC,N/A - From RDC,Truck,31-Jan-14,10-Feb-14,ARV,Adult,SCMS from RDC,SKU0054,"Lamivudine/Nevirapine/Zidovudine 150/200/300mg, tablets, 60 Tabs",Generic,60,39600,327096,8.26,0.14,Mylan (formerly Matrix) Nashik,17181,15814.01,404.62
82634,Mozambique,PMO - US,From RDC,N/A - From RDC,Truck,31-Jan-14,20-Feb-14,ARV,Adult,SCMS from RDC,SKU0113,"Efavirenz/Lamivudine/Tenofovir Disoproxil Fumarate 600/300/300mg, tablets, 30 Tabs",Generic,30,80071,892791.65,11.15,0.37,"Aurobindo Unit VII, IN",18838,7928.11,1104.38
82635,Zimbabwe,PMO - US,From RDC,N/A - From RDC,Truck,31-Jan-14,10-Feb-14,ARV,Adult,SCMS from RDC,SKU0107,"Lamivudine/Tenofovir Disoproxil Fumarate 300/300mg, tablets, 30 Tabs",Generic,30,8609,41409.29,4.81,0.16,"Cipla, Kurkumbh, India",873,15000,51.22
82636,Zimbabwe,PMO - US,From RDC,N/A - From RDC,Truck,31-Jan-14,10-Feb-14,ARV,Pediatric,SCMS from RDC,SKU0140,"Lamivudine/Nevirapine/Zidovudine 30/50/60mg, dispersible tablets, 60 Tabs",Generic,60,115211,432041.25,3.75,0.06,Mylan (formerly Matrix) Nashik,6428,15847.19,534.44
82637,Zambia,PMO - US,From RDC,N/A - From RDC,Truck,13-Feb-14,24-Jan-14,ARV,Adult,SCMS from RDC,SKU0014,"Zidovudine 300mg, tablets, 60 Tabs",Generic,60,6350,35433,5.58,0.09,"Aurobindo Unit III, India",320,1300,36.43
82639,Zimbabwe,PMO - US,From RDC,N/A - From RDC,Truck,31-Jan-14,10-Feb-14,ARV,Adult,SCMS from RDC,SKU0113,"Efavirenz/Lamivudine/Tenofovir Disoproxil Fumarate 600/300/300mg, tablets, 30 Tabs",Generic,30,90000,946800,10.52,0.35,"Aurobindo Unit VII, IN",24375,15847.18,1171.19
82640,Rwanda,PMO - US,From RDC,N/A - From RDC,Truck,31-Jan-14,3-Feb-14,ARV,Adult,SCMS from RDC,SKU0107,"Lamivudine/Tenofovir Disoproxil Fumarate 300/300mg, tablets, 30 Tabs",Generic,30,29993,140967.1,4.7,0.16,"Aurobindo Unit VII, IN",4883,7708.3,174.38
82641,Tanzania,PMO - US,From RDC,N/A - From RDC,Truck,31-Jan-14,19-Feb-14,ARV,Pediatric,SCMS from RDC,SKU0138,"Abacavir/Lamivudine 60/30mg, tablets, 60 Tabs",Generic,60,23964,95856,4,0.07,"Aurobindo Unit III, India",Weight Captured Separately,Invoiced Separately,118.57
82645,Côte d'Ivoire,PMO - US,From RDC,N/A - From RDC,Truck,31-Jan-14,12-Feb-14,ARV,Pediatric,SCMS from RDC,SKU0138,"Abacavir/Lamivudine 60/30mg, tablets, 60 Tabs",Generic,60,2200,8800,4,0.07,"Aurobindo Unit III, India",105,2151.95,10.89
82646,"Congo, DRC",PMO - US,From RDC,N/A - From RDC,Air,26-Mar-14,26-Mar-14,ARV,Pediatric,SCMS from RDC,SKU0138,"Abacavir/Lamivudine 60/30mg, tablets, 60 Tabs",Generic,60,5,20,4,0.07,"Aurobindo Unit III, India",Weight Captured Separately,Invoiced Separately,0.02
82648,Mozambique,PMO - US,From RDC,N/A - From RDC,Truck,31-Jan-14,20-Feb-14,ARV,Adult,SCMS from RDC,SKU0044,"Lamivudine/Nevirapine/Stavudine 150/200/30mg, tablets, 60 Tabs",Generic,60,35533,153502.56,4.32,0.07,"Strides, Bangalore, India.",7654,7928.11,189.88
82649,Mozambique,PMO - US,From RDC,N/A - From RDC,Truck,10-Mar-14,20-Feb-14,ARV,Adult,SCMS from RDC,SKU0113,"Efavirenz/Lamivudine/Tenofovir Disoproxil Fumarate 600/300/300mg, tablets, 30 Tabs",Generic,30,66946,727703.02,10.87,0.36,Hetero Unit III Hyderabad IN,36903,7928.11,900.17
82650,Tanzania,PMO - US,From RDC,N/A - From RDC,Truck,31-Jan-14,19-Feb-14,ARV,Adult,SCMS from RDC,SKU0113,"Efavirenz/Lamivudine/Tenofovir Disoproxil Fumarate 600/300/300mg, tablets, 30 Tabs",Generic,30,46066,500737.42,10.87,0.36,Mylan (formerly Matrix) Nashik,5175,3541.59,619.41
82651,Côte d'Ivoire,PMO - US,From RDC,N/A - From RDC,Air,28-Feb-14,18-Feb-14,ARV,Adult,SCMS from RDC,SKU0003,"Lamivudine 150mg, tablets, 60 Tabs",Generic,60,1700,3791,2.23,0.04,"Aurobindo Unit III, India",2699,4063.81,4.69
82653,Mozambique,PMO - US,From RDC,N/A - From RDC,Truck,3-Jun-14,3-Jun-14,ARV,Adult,SCMS from RDC,SKU0058,"Abacavir 300mg, tablets, 60 Tabs",Generic,60,10000,113600,11.36,0.19,Mylan (formerly Matrix) Nashik,3118,4768.06,140.52
82654,"Congo, DRC",PMO - US,From RDC,N/A - From RDC,Air,30-May-14,19-May-14,ARV,Adult,SCMS from RDC,SKU0058,"Abacavir 300mg, tablets, 60 Tabs",Generic,60,489,5555.04,11.36,0.19,"Aurobindo Unit III, India",2045,16083.32,5.71
82655,Côte d'Ivoire,PMO - US,From RDC,N/A - From RDC,Truck,28-Mar-14,11-Apr-14,ARV,Adult,SCMS from RDC,SKU0054,"Lamivudine/Nevirapine/Zidovudine 150/200/300mg, tablets, 60 Tabs",Generic,60,40035,330689.1,8.26,0.14,Mylan (formerly Matrix) Nashik,16851,23776.41,409.06
82656,Tanzania,PMO - US,From RDC,N/A - From RDC,Truck,30-Apr-14,2-May-14,ARV,Adult,SCMS from RDC,SKU0105,"Emtricitabine/Tenofovir Disoproxil Fumarate 200/300mg, tablets, 30 Tabs",Generic,30,20921,122806.27,5.87,0.2,"Aurobindo Unit III, India",6692,6010.2,151.91
82657,Uganda,PMO - US,From RDC,N/A - From RDC,Truck,20-Apr-14,18-Apr-14,ARV,Adult,SCMS from RDC,SKU0011,"Lamivudine/Zidovudine 150/300mg, tablets, 60 Tabs",Generic,60,7693,51773.89,6.73,0.11,"Cipla, Goa, India",6909,4947.38,53.22
82661,"Congo, DRC",PMO - US,From RDC,N/A - From RDC,Air,26-Mar-14,13-May-14,ARV,Adult,SCMS from RDC,SKU0007,"Nevirapine 200mg, tablets, 60 Tabs",Generic,60,2167,4897.42,2.26,0.04,"Aurobindo Unit III, India",211,3531.86,5.03
82662,Uganda,PMO - US,From RDC,N/A - From RDC,Truck,31-Mar-14,18-Apr-14,ARV,Adult,SCMS from RDC,SKU0007,"Nevirapine 200mg, tablets, 60 Tabs",Generic,60,21764,49186.64,2.26,0.04,"Aurobindo Unit III, India",2091,Freight Included in Commodity Cost,50.56
82663,Mozambique,PMO - US,From RDC,N/A - From RDC,Truck,23-May-14,23-May-14,ARV,Pediatric,SCMS from RDC,SKU0126,"Nevirapine 10mg/ml, oral suspension w/syringe, Bottle, 240 ml",Generic,240,26200,48732,1.86,0.01,"Aurobindo Unit III, India",5343,12803.35,50.1
82664,Zambia,PMO - US,From RDC,N/A - From RDC,Truck,19-May-14,19-May-14,ARV,Adult,SCMS from RDC,SKU0003,"Lamivudine 150mg, tablets, 60 Tabs",Generic,60,10391,23171.93,2.23,0.04,"Micro labs, Verna, Goa, India",633,886.11,23.82
82665,Côte d'Ivoire,PMO - US,From RDC,N/A - From RDC,Truck,30-Apr-14,25-Apr-14,ARV,Adult,SCMS from RDC,SKU0107,"Lamivudine/Tenofovir Disoproxil Fumarate 300/300mg, tablets, 30 Tabs",Generic,30,10000,46400,4.64,0.15,Hetero Unit III Hyderabad IN,8889,33073.6,47.7
82666,Côte d'Ivoire,PMO - US,From RDC,N/A - From RDC,Truck,30-Apr-14,22-Apr-14,ARV,Adult,SCMS from RDC,SKU0058,"Abacavir 300mg, tablets, 60 Tabs",Generic,60,6750,75802.5,11.23,0.19,"Aurobindo Unit III, India",4919,17647.73,77.92
82667,Guyana,PMO - US,From RDC,N/A - From RDC,Air,30-Apr-14,23-Apr-14,ARV,Adult,SCMS from RDC,SKU0058,"Abacavir 300mg, tablets, 60 Tabs",Generic,60,49,550.27,11.23,0.19,"Aurobindo Unit III, India",5,660.43,0.57
82668,Rwanda,PMO - US,From RDC,N/A - From RDC,Truck,5-May-14,6-Jun-14,ARV,Adult,SCMS from RDC,SKU0107,"Lamivudine/Tenofovir Disoproxil Fumarate 300/300mg, tablets, 30 Tabs",Generic,30,2381,11047.84,4.64,0.15,"Cipla, Kurkumbh, India",3703,8469.67,13.67
82669,Mozambique,PMO - US,From RDC,N/A - From RDC,Truck,4-Jul-14,3-Jun-14,ARV,Adult,SCMS from RDC,SKU0003,"Lamivudine 150mg, tablets, 60 Tabs",Generic,60,440,765.6,1.74,0.03,"Micro labs, Verna, Goa, India",27,800,0.79
82670,Zambia,PMO - US,From RDC,N/A - From RDC,Air,8-Apr-14,18-Apr-14,ARV,Pediatric,SCMS from RDC,SKU0126,"Nevirapine 10mg/ml, oral suspension w/syringe, Bottle, 240 ml",Generic,240,1222,2175.16,1.78,0.01,"Aurobindo Unit III, India",825,6380.09,2.24
82671,Tanzania,PMO - US,From RDC,N/A - From RDC,Truck,5-May-14,18-Jun-14,ARV,Adult,SCMS from RDC,SKU0113,"Efavirenz/Lamivudine/Tenofovir Disoproxil Fumarate 600/300/300mg, tablets, 30 Tabs",Generic,30,116931,1260516.18,10.78,0.36,Mylan (formerly Matrix) Nashik,13280,7083.18,1559.26
82672,Côte d'Ivoire,PMO - US,From RDC,N/A - From RDC,Truck,15-May-14,12-May-14,ARV,Pediatric,SCMS from RDC,SKU0140,"Lamivudine/Nevirapine/Zidovudine 30/50/60mg, dispersible tablets, 60 Tabs",Generic,60,6799,25496.25,3.75,0.06,"Strides, Bangalore, India.",292,1672.7,31.54
82674,Zimbabwe,PMO - US,From RDC,N/A - From RDC,Truck,30-May-14,2-Jun-14,ARV,Adult,SCMS from RDC,SKU0113,"Efavirenz/Lamivudine/Tenofovir Disoproxil Fumarate 600/300/300mg, tablets, 30 Tabs",Generic,30,87667,945050.26,10.78,0.36,Hetero Unit III Hyderabad IN,11717,74740.8,1169.03
82675,Tanzania,PMO - US,From RDC,N/A - From RDC,Truck,30-Jun-14,21-Jun-14,ARV,Adult,SCMS from RDC,SKU0105,"Emtricitabine/Tenofovir Disoproxil Fumarate 200/300mg, tablets, 30 Tabs",Generic,30,10267,58932.58,5.74,0.19,Mylan (formerly Matrix) Nashik,816,3623.2,72.9
82676,Côte d'Ivoire,PMO - US,From RDC,N/A - From RDC,Truck,30-Jun-14,4-Jun-14,ARV,Adult,SCMS from RDC,SKU0026,"Efavirenz 600mg, tablets, 30 Tabs",Generic,30,25000,83250,3.33,0.11,"Hetero, Jadcherla, unit 5, IN",3591,21593.88,116.72
82677,Côte d'Ivoire,PMO - US,From RDC,N/A - From RDC,Truck,29-Aug-14,4-Jun-14,ARV,Adult,SCMS from RDC,SKU0026,"Efavirenz 600mg, tablets, 30 Tabs",Generic,30,30196,96929.16,3.21,0.11,"Strides, Bangalore, India.",3591,5153.54,135.89
82678,Côte d'Ivoire,PMO - US,From RDC,N/A - From RDC,Truck,4-Jun-14,16-Jun-14,ARV,Pediatric,SCMS from RDC,SKU0142,"Efavirenz 200mg, scored tablets, 90 Tabs",Generic,90,5840,54312,9.3,0.1,"Strides, Bangalore, India.",347,3132.77,67.18
82680,Uganda,PMO - US,From RDC,N/A - From RDC,Truck,30-Jun-14,30-Jun-14,ARV,Adult,SCMS from RDC,SKU0054,"Lamivudine/Nevirapine/Zidovudine 150/200/300mg, tablets, 60 Tabs",Generic,60,100000,811000,8.11,0.14,"Aurobindo Unit III, India",18737,9857.35,833.71
82683,Mozambique,PMO - US,From RDC,N/A - From RDC,Truck,15-Aug-14,15-Aug-14,ARV,Adult,SCMS from RDC,SKU0044,"Lamivudine/Nevirapine/Stavudine 150/200/30mg, tablets, 60 Tabs",Generic,60,5572,24071.04,4.32,0.07,Hetero Unit III Hyderabad IN,571,578.25,29.78
82685,Tanzania,PMO - US,From RDC,N/A - From RDC,Air,31-Jul-14,25-Sep-14,ARV,Adult,SCMS from RDC,SKU0008,"Lopinavir/Ritonavir 200/50mg [Aluvia], tablets, 120 Tabs",Aluvia,120,32294,610356.6,18.9,0.16,ABBVIE Ludwigshafen Germany,20132,97918.87,755.01
82687,Zambia,PMO - US,From RDC,N/A - From RDC,Truck,30-Sep-14,2-Oct-14,ARV,Pediatric,SCMS from RDC,SKU0138,"Abacavir/Lamivudine 60/30mg, tablets, 60 Tabs",Generic,60,60000,237000,3.95,0.07,Mylan (formerly Matrix) Nashik,2484,3613.05,243.64
82688,Zimbabwe,PMO - US,From RDC,N/A - From RDC,Truck,30-Aug-14,15-Sep-14,ARV,Pediatric,SCMS from RDC,SKU0138,"Abacavir/Lamivudine 60/30mg, tablets, 60 Tabs",Generic,60,23000,90850,3.95,0.07,Mylan (formerly Matrix) Nashik,952,1521.08,93.39
82691,Zambia,PMO - US,From RDC,N/A - From RDC,Truck,29-Aug-14,4-Sep-14,ARV,Adult,SCMS from RDC,SKU0107,"Lamivudine/Tenofovir Disoproxil Fumarate 300/300mg, tablets, 30 Tabs",Generic,30,21529,101186.3,4.7,0.16,"Cipla, Kurkumbh, India",9530,16468.54,104.02
82693,"Congo, DRC",PMO - US,From RDC,N/A - From RDC,Air,22-Sep-14,30-Sep-14,ARV,Adult,SCMS from RDC,SKU0054,"Lamivudine/Nevirapine/Zidovudine 150/200/300mg, tablets, 60 Tabs",Generic,60,7480,60662.8,8.11,0.14,Mylan (formerly Matrix) Nashik,1278,12197.44,62.36
82694,Nigeria,PMO - US,From RDC,N/A - From RDC,Air Charter,30-Jun-14,20-Jun-14,ARV,Adult,SCMS from RDC,SKU0054,"Lamivudine/Nevirapine/Zidovudine 150/200/300mg, tablets, 60 Tabs",Generic,60,200000,1622000,8.11,0.14,"Aurobindo Unit III, India",51698,28812.57,1667.42
82695,Nigeria,PMO - US,From RDC,N/A - From RDC,Air Charter,30-Jun-14,20-Jun-14,ARV,Adult,SCMS from RDC,SKU0054,"Lamivudine/Nevirapine/Zidovudine 150/200/300mg, tablets, 60 Tabs",Generic,60,145235,1177855.85,8.11,0.14,"Strides, Bangalore, India.",See DN-3794 (ID#:82694),See DN-3794 (ID#:82694),1210.84
82696,Nigeria,PMO - US,From RDC,N/A - From RDC,Air Charter,31-Jul-14,20-Jun-14,ARV,Adult,SCMS from RDC,SKU0054,"Lamivudine/Nevirapine/Zidovudine 150/200/300mg, tablets, 60 Tabs",Generic,60,97000,786670,8.11,0.14,Mylan (formerly Matrix) Nashik,12823,28812.57,808.7
82697,Zambia,PMO - US,From RDC,N/A - From RDC,Truck,31-Jul-14,25-Jul-14,ARV,Adult,SCMS from RDC,SKU0113,"Efavirenz/Lamivudine/Tenofovir Disoproxil Fumarate 600/300/300mg, tablets, 30 Tabs",Generic,30,63696,686642.88,10.78,0.36,Hetero Unit III Hyderabad IN,8487,8054.68,705.87
82698,Nigeria,PMO - US,From RDC,N/A - From RDC,Air Charter,31-Oct-14,20-Jun-14,ARV,Adult,SCMS from RDC,SKU0107,"Lamivudine/Tenofovir Disoproxil Fumarate 300/300mg, tablets, 30 Tabs",Generic,30,5000,23200,4.64,0.15,"Cipla, Kurkumbh, India",1447,28812.57,23.85
82699,Tanzania,PMO - US,From RDC,N/A - From RDC,Truck,18-Sep-14,25-Sep-14,ARV,Adult,SCMS from RDC,SKU0105,"Emtricitabine/Tenofovir Disoproxil Fumarate 200/300mg, tablets, 30 Tabs",Generic,30,22002,126291.48,5.74,0.19,"Aurobindo Unit III, India",2003,10010.15,156.22
82700,Zambia,PMO - US,From RDC,N/A - From RDC,Truck,31-Jul-14,25-Jul-14,ARV,Adult,SCMS from RDC,SKU0113,"Efavirenz/Lamivudine/Tenofovir Disoproxil Fumarate 600/300/300mg, tablets, 30 Tabs",Generic,30,112334,1210960.52,10.78,0.36,"Aurobindo Unit VII, IN",14867,13627.76,1244.87
82701,Zambia,PMO - US,From RDC,N/A - From RDC,Truck,4-Sep-14,3-Sep-14,ARV,Adult,SCMS from RDC,SKU0011,"Lamivudine/Zidovudine 150/300mg, tablets, 60 Tabs",Generic,60,36852,240275.04,6.52,0.11,"Cipla, Goa, India",3324,4266.62,247
82702,Zimbabwe,PMO - US,From RDC,N/A - From RDC,Truck,30-Sep-14,29-Jun-14,ARV,Adult,SCMS from RDC,SKU0007,"Nevirapine 200mg, tablets, 60 Tabs",Generic,60,100000,218000,2.18,0.04,"Micro labs, Verna, Goa, India",64918,43218.07,224.1
82703,Zimbabwe,PMO - US,From RDC,N/A - From RDC,Truck,30-Sep-14,29-Jun-14,ARV,Adult,SCMS from RDC,SKU0107,"Lamivudine/Tenofovir Disoproxil Fumarate 300/300mg, tablets, 30 Tabs",Generic,30,76950,356278.5,4.63,0.15,Ranbaxy per Shasun Pharma,See DN-3825 (ID#:82702),See DN-3825 (ID#:82702),366.25
82704,Zimbabwe,PMO - US,From RDC,N/A - From RDC,Truck,30-Sep-14,29-Jun-14,ARV,Adult,SCMS from RDC,SKU0107,"Lamivudine/Tenofovir Disoproxil Fumarate 300/300mg, tablets, 30 Tabs",Generic,30,43715,202400.45,4.63,0.15,"Cipla, Kurkumbh, India",See DN-3825 (ID#:82702),See DN-3825 (ID#:82702),208.07
82705,Mozambique,PMO - US,From RDC,N/A - From RDC,Truck,29-Aug-14,25-Aug-14,ARV,Adult,SCMS from RDC,SKU0054,"Lamivudine/Nevirapine/Zidovudine 150/200/300mg, tablets, 60 Tabs",Generic,60,210000,1703100,8.11,0.14,Hetero Unit III Hyderabad IN,81836,47171.27,1750.79
82706,South Sudan,PMO - US,From RDC,N/A - From RDC,Air,1-Sep-14,1-Sep-14,ARV,Adult,SCMS from RDC,SKU0011,"Lamivudine/Zidovudine 150/300mg, tablets, 60 Tabs",Generic,60,396,2581.92,6.52,0.11,Hetero Unit III Hyderabad IN,410,4708,2.65
82707,"Congo, DRC",PMO - US,From RDC,N/A - From RDC,Air,13-Aug-14,24-Sep-14,ARV,Adult,SCMS from RDC,SKU0058,"Abacavir 300mg, tablets, 60 Tabs",Generic,60,715,8029.45,11.23,0.19,"Aurobindo Unit III, India",1630,18387.8,8.25
82708,"Congo, DRC",PMO - US,From RDC,N/A - From RDC,Air,13-Aug-14,24-Sep-14,ARV,Adult,SCMS from RDC,SKU0003,"Lamivudine 150mg, tablets, 60 Tabs",Generic,60,980,1705.2,1.74,0.03,"Aurobindo Unit III, India",See DN-3843 (ID#:82707),See DN-3843 (ID#:82707),1.75
82709,"Congo, DRC",PMO - US,From RDC,N/A - From RDC,Air,13-Aug-14,24-Sep-14,ARV,Adult,SCMS from RDC,SKU0135,"Lopinavir/Ritonavir 200/50mg, tablets, 120 Tabs",Generic,120,1727,34039.17,19.71,0.16,Mylan (formerly Matrix) Nashik,See DN-3843 (ID#:82707),See DN-3843 (ID#:82707),34.99
82710,Guyana,PMO - US,From RDC,N/A - From RDC,Air,30-Sep-14,30-Jul-14,ARV,Adult,SCMS from RDC,SKU0058,"Abacavir 300mg, tablets, 60 Tabs",Generic,60,53,595.19,11.23,0.19,"Aurobindo Unit III, India",516,7663.16,0.61
82711,Guyana,PMO - US,From RDC,N/A - From RDC,Air,30-Sep-14,30-Jul-14,ARV,Pediatric,SCMS from RDC,SKU0130,"Lamivudine 10mg/ml, oral solution w/syringe, Bottle, 240 ml",Generic,240,90,128.7,1.43,0.01,"Aurobindo Unit III, India",See DN-3844 (ID#:82710),See DN-3844 (ID#:82710),0.13
82712,Guyana,PMO - US,From RDC,N/A - From RDC,Air,30-Sep-14,30-Jul-14,ARV,Adult,SCMS from RDC,SKU0014,"Zidovudine 300mg, tablets, 60 Tabs",Generic,60,791,4303.04,5.44,0.09,"Aurobindo Unit III, India",See DN-3844 (ID#:82710),See DN-3844 (ID#:82710),4.42
82713,Mozambique,PMO - US,From RDC,N/A - From RDC,Truck,29-Aug-14,5-Nov-14,ARV,Adult,SCMS from RDC,SKU0026,"Efavirenz 600mg, tablets, 30 Tabs",Generic,30,12710,40799.1,3.21,0.11,"Strides, Bangalore, India.",9511,10217.02,41.94
82714,Côte d'Ivoire,PMO - US,From RDC,N/A - From RDC,Truck,31-Oct-14,18-Aug-14,ARV,Adult,SCMS from RDC,SKU0152,"Abacavir/Lamivudine 600/300mg, tablets, 30 Tabs",Generic,30,2756,37261.12,13.52,0.45,"Cipla, Patalganga, India",248,1933.72,38.3
82721,Mozambique,PMO - US,From RDC,N/A - From RDC,Truck,31-Dec-14,27-Oct-14,ARV,Adult,SCMS from RDC,SKU0104,"Lamivudine/Stavudine 150/30mg, tablets, 60 Tabs",Generic,60,3068,7976.8,2.6,0.04,"Strides, Bangalore, India.",150,118.16,8.2
82723,Mozambique,PMO - US,From RDC,N/A - From RDC,Truck,31-Aug-14,30-Oct-14,ARV,Adult,SCMS from RDC,SKU0007,"Nevirapine 200mg, tablets, 60 Tabs",Generic,60,2030,4425.4,2.18,0.04,Hetero Unit III Hyderabad IN,6342,3290.58,4.55
82724,Ethiopia,PMO - US,From RDC,N/A - From RDC,Air,29-Jul-14,10-Jul-14,ARV,Pediatric,SCMS from RDC,SKU0138,"Abacavir/Lamivudine 60/30mg, tablets, 60 Tabs",Generic,60,3071,12560.39,4.09,0.07,"Aurobindo Unit III, India",115,630,12.91
82725,South Sudan,PMO - US,From RDC,N/A - From RDC,Air,30-Jan-15,16-Dec-14,ARV,Pediatric,SCMS from RDC,SKU0180,"Lamivudine/Nevirapine/Zidovudine 30/50/60mg, [DON] dispersible tablets, 60 Tabs",Generic,60,6459,0,0,0,"Cipla, Goa, India",565,11705.87,0
82726,Mozambique,PMO - US,From RDC,N/A - From RDC,Truck,30-Sep-14,27-Oct-14,ARV,Adult,SCMS from RDC,SKU0054,"Lamivudine/Nevirapine/Zidovudine 150/200/300mg, tablets, 60 Tabs",Generic,60,40070,324967.7,8.11,0.14,Mylan (formerly Matrix) Nashik,28111,18448.52,334.07
82727,Nigeria,PMO - US,From RDC,N/A - From RDC,Air Charter,30-Sep-14,3-Sep-14,ARV,Pediatric,SCMS from RDC,SKU0066,"Efavirenz 200mg, capsule, 90 Caps",Generic,90,10230,56265,5.5,0.06,"Aurobindo Unit III, India",1505,10060,57.84
82729,Namibia,PMO - US,From RDC,N/A - From RDC,Truck,30-Sep-14,15-Sep-14,ARV,Adult,SCMS from RDC,SKU0054,"Lamivudine/Nevirapine/Zidovudine 150/200/300mg, tablets, 60 Tabs",Generic,60,40000,324400,8.11,0.14,"Cipla, Goa, India",9632,15571.48,333.48
82730,South Sudan,PMO - US,From RDC,N/A - From RDC,Air,30-Sep-14,15-Oct-14,ARV,Pediatric,SCMS from RDC,SKU0124,"Lamivudine/Zidovudine 30/60mg, dispersible tablets, 60 Tabs",Generic,60,132,262.68,1.99,0.03,"Cipla, Goa, India",23,1651,0.27
82731,Tanzania,PMO - US,From RDC,N/A - From RDC,Truck,30-Oct-14,17-Oct-14,ARV,Pediatric,SCMS from RDC,SKU0124,"Lamivudine/Zidovudine 30/60mg, dispersible tablets, 60 Tabs",Generic,60,17980,38657,2.15,0.04,"Cipla, Goa, India",2152,837.59,47.82
82732,Mozambique,PMO - US,From RDC,N/A - From RDC,Truck,31-Oct-14,30-Oct-14,ARV,Adult,SCMS from RDC,SKU0054,"Lamivudine/Nevirapine/Zidovudine 150/200/300mg, tablets, 60 Tabs",Generic,60,106754,881788.04,8.26,0.14,"Cipla, Goa, India",28021,19662.09,906.48
82733,Mozambique,PMO - US,From RDC,N/A - From RDC,Truck,31-Dec-14,28-Oct-14,ARV,Pediatric,SCMS from RDC,SKU0126,"Nevirapine 10mg/ml, oral suspension w/syringe, Bottle, 240 ml",Generic,240,27264,41168.64,1.51,0.01,"Aurobindo Unit III, India",10191,8520.87,42.32
82735,Zambia,PMO - US,From RDC,N/A - From RDC,Truck,31-Oct-14,2-Oct-14,ARV,Pediatric,SCMS from RDC,SKU0138,"Abacavir/Lamivudine 60/30mg, tablets, 60 Tabs",Generic,60,46973,187892,4,0.07,"Aurobindo Unit III, India",3237,4208.35,193.15
82736,Burundi,PMO - US,From RDC,N/A - From RDC,Air,31-Oct-14,15-Oct-14,ARV,Adult,SCMS from RDC,SKU0011,"Lamivudine/Zidovudine 150/300mg, tablets, 60 Tabs",Generic,60,1428,9424.8,6.6,0.11,"Aurobindo Unit III, India",331,4218.74,9.69
82739,Côte d'Ivoire,PMO - US,From RDC,N/A - From RDC,Truck,31-Oct-14,17-Oct-14,ARV,Adult,SCMS from RDC,SKU0029,"Tenofovir Disoproxil Fumarate 300mg, tablets, 30 Tabs",Generic,30,5905,21376.1,3.62,0.12,Hetero Unit III Hyderabad IN,599,2440.19,21.97
82740,Zimbabwe,PMO - US,From RDC,N/A - From RDC,Truck,14-Nov-14,30-Oct-14,ARV,Pediatric,SCMS from RDC,SKU0140,"Lamivudine/Nevirapine/Zidovudine 30/50/60mg, dispersible tablets, 60 Tabs",Generic,60,10602,38167.2,3.6,0.06,Mylan (formerly Matrix) Nashik,3919,4083.5,39.24
82742,Zimbabwe,PMO - US,From RDC,N/A - From RDC,Truck,30-Oct-14,3-Nov-14,ARV,Pediatric,SCMS from RDC,SKU0138,"Abacavir/Lamivudine 60/30mg, tablets, 60 Tabs",Generic,60,50847,200845.65,3.95,0.07,"Aurobindo Unit III, India",2372,2599.36,206.47
82743,"Congo, DRC",PMO - US,From RDC,N/A - From RDC,Air,14-Apr-15,14-Apr-15,ARV,Pediatric,SCMS from RDC,SKU0126,"Nevirapine 10mg/ml, oral suspension w/syringe, Bottle, 240 ml",Generic,240,1135,1713.85,1.51,0.01,"Aurobindo Unit III, India",1165,13290.31,1.76
82744,"Congo, DRC",PMO - US,From RDC,N/A - From RDC,Air,14-Apr-15,14-Apr-15,ARV,Pediatric,SCMS from RDC,SKU0140,"Lamivudine/Nevirapine/Zidovudine 30/50/60mg, dispersible tablets, 60 Tabs",Generic,60,965,3474,3.6,0.06,"Cipla, Goa, India",See DN-3954 (ID#:82743),See DN-3954 (ID#:82743),3.57
82745,Zimbabwe,PMO - US,From RDC,N/A - From RDC,Truck,31-Jan-15,30-Oct-14,ARV,Adult,SCMS from RDC,SKU0113,"Efavirenz/Lamivudine/Tenofovir Disoproxil Fumarate 600/300/300mg, tablets, 30 Tabs",Generic,30,100167,1026711.75,10.25,0.34,Mylan (formerly Matrix) Nashik,21570,24309.72,1055.46
82746,Zimbabwe,PMO - US,From RDC,N/A - From RDC,Truck,31-Jan-15,30-Oct-14,ARV,Adult,SCMS from RDC,SKU0113,"Efavirenz/Lamivudine/Tenofovir Disoproxil Fumarate 600/300/300mg, tablets, 30 Tabs",Generic,30,75013,768883.25,10.25,0.34,Cipla Ltd A-42 MIDC Mahar. IN,See DN-3974 (ID#:82745),See DN-3974 (ID#:82745),790.41
82748,"Congo, DRC",PMO - US,From RDC,N/A - From RDC,Air,30-Jan-15,18-Feb-15,ARV,Adult,SCMS from RDC,SKU0135,"Lopinavir/Ritonavir 200/50mg, tablets, 120 Tabs",Generic,120,1156,22726.96,19.66,0.16,Mylan (formerly Matrix) Nashik,2187,24532.28,23.36
82749,Nigeria,PMO - US,From RDC,N/A - From RDC,Air Charter,31-Oct-14,30-Oct-14,ARV,Adult,SCMS from RDC,SKU0054,"Lamivudine/Nevirapine/Zidovudine 150/200/300mg, tablets, 60 Tabs",Generic,60,191230,1550875.3,8.11,0.14,Mylan (formerly Matrix) Nashik,27094,70210,1594.3
82750,Nigeria,PMO - US,From RDC,N/A - From RDC,Air Charter,31-Oct-14,30-Oct-14,ARV,Adult,SCMS from RDC,SKU0152,"Abacavir/Lamivudine 600/300mg, tablets, 30 Tabs",Generic,30,19356,261112.44,13.49,0.45,Mylan (formerly Matrix) Nashik,1960,7009,268.42
82751,Nigeria,PMO - US,From RDC,N/A - From RDC,Air Charter,31-Mar-15,30-Oct-14,ARV,Adult,SCMS from RDC,SKU0008,"Lopinavir/Ritonavir 200/50mg [Aluvia], tablets, 120 Tabs",Aluvia,120,28000,529200,18.9,0.16,ABBVIE Ludwigshafen Germany,6702,20526,544.02
82752,Nigeria,PMO - US,From RDC,N/A - From RDC,Air Charter,30-Nov-14,30-Oct-14,ARV,Adult,SCMS from RDC,SKU0054,"Lamivudine/Nevirapine/Zidovudine 150/200/300mg, tablets, 60 Tabs",Generic,60,45307,367439.77,8.11,0.14,Mylan (formerly Matrix) Nashik,20329,49570,377.73
82753,Uganda,PMO - US,From RDC,N/A - From RDC,Truck,28-Nov-14,3-Dec-14,ARV,Adult,SCMS from RDC,SKU0107,"Lamivudine/Tenofovir Disoproxil Fumarate 300/300mg, tablets, 30 Tabs",Generic,30,42531,196918.53,4.63,0.15,Hetero Unit III Hyderabad IN,7043,6852.08,202.43
82754,Rwanda,PMO - US,From RDC,N/A - From RDC,Truck,30-Jan-15,14-Jan-15,ARV,Adult,SCMS from RDC,SKU0054,"Lamivudine/Nevirapine/Zidovudine 150/200/300mg, tablets, 60 Tabs",Generic,60,14011,113629.21,8.11,0.14,Mylan (formerly Matrix) Nashik,1755,4328.9,116.81
82755,Rwanda,PMO - US,From RDC,N/A - From RDC,Truck,16-Feb-15,14-Jan-15,ARV,Adult,SCMS from RDC,SKU0107,"Lamivudine/Tenofovir Disoproxil Fumarate 300/300mg, tablets, 30 Tabs",Generic,30,73467,340886.88,4.64,0.15,Hetero Unit III Hyderabad IN,17317,26620.36,350.43
82756,Côte d'Ivoire,PMO - US,From RDC,N/A - From RDC,Truck,30-Jan-15,11-Feb-15,ARV,Pediatric,SCMS from RDC,SKU0117,"Zidovudine 10mg/ml, oral solution w/syringe, Bottle, 240 ml",Generic,240,4000,7960,1.99,0.01,"Aurobindo Unit III, India",10413,39599.1,8.18
82757,Mozambique,PMO - US,From RDC,N/A - From RDC,Truck,2-Mar-15,2-Mar-15,ARV,Adult,SCMS from RDC,SKU0104,"Lamivudine/Stavudine 150/30mg, tablets, 60 Tabs",Generic,60,7442,19349.2,2.6,0.04,Hetero Unit III Hyderabad IN,12408,15645.33,19.89
82758,Rwanda,PMO - US,From RDC,N/A - From RDC,Truck,14-Jan-15,24-Dec-14,ARV,Pediatric,SCMS from RDC,SKU0142,"Efavirenz 200mg, scored tablets, 90 Tabs",Generic,90,1016,9448.8,9.3,0.1,"Strides, Bangalore, India.",367,3783.24,9.71
82760,Mozambique,PMO - US,From RDC,N/A - From RDC,Truck,23-Mar-15,23-Mar-15,ARV,Adult,SCMS from RDC,SKU0011,"Lamivudine/Zidovudine 150/300mg, tablets, 60 Tabs",Generic,60,139000,935470,6.73,0.11,Hetero Unit III Hyderabad IN,12307,8191.96,961.66
82761,Rwanda,PMO - US,From RDC,N/A - From RDC,Air,31-Jan-15,24-Dec-14,ARV,Adult,SCMS from RDC,SKU0029,"Tenofovir Disoproxil Fumarate 300mg, tablets, 30 Tabs",Generic,30,189,691.74,3.66,0.12,Hetero Unit III Hyderabad IN,15,925.6,0.71
82762,Guyana,PMO - US,From RDC,N/A - From RDC,Air,30-Jan-15,6-Jan-15,ARV,Adult,SCMS from RDC,SKU0058,"Abacavir 300mg, tablets, 60 Tabs",Generic,60,62,687.58,11.09,0.18,Mylan (formerly Matrix) Nashik,6,865.15,0.81
82763,Guyana,PMO - US,From RDC,N/A - From RDC,Air,31-Mar-15,6-Jan-15,ARV,Adult,SCMS from RDC,SKU0008,"Lopinavir/Ritonavir 200/50mg [Aluvia], tablets, 120 Tabs",Aluvia,120,1184,22377.6,18.9,0.16,ABBVIE Ludwigshafen Germany,251,3247.35,26.34
82765,Côte d'Ivoire,PMO - US,From RDC,N/A - From RDC,Truck,16-Feb-15,19-Jan-15,ARV,Adult,SCMS from RDC,SKU0026,"Efavirenz 600mg, tablets, 30 Tabs",Generic,30,10000,31200,3.12,0.1,"Cipla, Goa, India",24636,46181.17,32.07
82766,Côte d'Ivoire,PMO - US,From RDC,N/A - From RDC,Truck,16-Feb-15,19-Jan-15,ARV,Adult,SCMS from RDC,SKU0026,"Efavirenz 600mg, tablets, 30 Tabs",Generic,30,20004,62412.48,3.12,0.1,"Micro labs, Verna, Goa, India",See DN-4064 (ID#:82765),See DN-4064 (ID#:82765),64.16
82772,Rwanda,PMO - US,From RDC,N/A - From RDC,Truck,30-Jan-15,9-Feb-15,ARV,Pediatric,SCMS from RDC,SKU0142,"Efavirenz 200mg, scored tablets, 90 Tabs",Generic,90,868,8072.4,9.3,0.1,"Strides, Bangalore, India.",173,2124.48,8.3
82773,Uganda,PMO - US,From RDC,N/A - From RDC,Truck,27-Feb-15,25-Feb-15,ARV,Adult,SCMS from RDC,SKU0107,"Lamivudine/Tenofovir Disoproxil Fumarate 300/300mg, tablets, 30 Tabs",Generic,30,19086,88368.18,4.63,0.15,"Cipla, Kurkumbh, India",2389,10011.25,90.84
82774,Mozambique,PMO - US,From RDC,N/A - From RDC,Truck,27-Feb-15,30-Mar-15,ARV,Adult,SCMS from RDC,SKU0011,"Lamivudine/Zidovudine 150/300mg, tablets, 60 Tabs",Generic,60,17246,116065.58,6.73,0.11,Hetero Unit III Hyderabad IN,1519,1932.67,119.32
82779,Zimbabwe,PMO - US,From RDC,N/A - From RDC,Truck,7-Mar-15,17-Mar-15,ARV,Pediatric,SCMS from RDC,SKU0140,"Lamivudine/Nevirapine/Zidovudine 30/50/60mg, dispersible tablets, 60 Tabs",Generic,60,57804,208094.4,3.6,0.06,"Cipla, Goa, India",15222,18513.23,213.92
82781,Burundi,PMO - US,From RDC,N/A - From RDC,Air,27-Feb-15,28-Feb-15,ARV,Adult,SCMS from RDC,SKU0107,"Lamivudine/Tenofovir Disoproxil Fumarate 300/300mg, tablets, 30 Tabs",Generic,30,912,4213.44,4.62,0.15,"Cipla, Kurkumbh, India",1744,10363.49,4.96
82782,Rwanda,PMO - US,From RDC,N/A - From RDC,Truck,31-Mar-15,24-Mar-15,ARV,Adult,SCMS from RDC,SKU0107,"Lamivudine/Tenofovir Disoproxil Fumarate 300/300mg, tablets, 30 Tabs",Generic,30,21868,100374.12,4.59,0.15,Ranbaxy per Shasun Pharma,4326,9426.33,103.18
82783,Rwanda,PMO - US,From RDC,N/A - From RDC,Truck,31-Mar-15,24-Mar-15,ARV,Adult,SCMS from RDC,SKU0113,"Efavirenz/Lamivudine/Tenofovir Disoproxil Fumarate 600/300/300mg, tablets, 30 Tabs",Generic,30,5148,49420.8,9.6,0.32,"Aurobindo Unit VII, IN",12079,16971.93,50.8
82784,Rwanda,PMO - US,From RDC,N/A - From RDC,Truck,31-Mar-15,24-Mar-15,ARV,Adult,SCMS from RDC,SKU0113,"Efavirenz/Lamivudine/Tenofovir Disoproxil Fumarate 600/300/300mg, tablets, 30 Tabs",Generic,30,81557,782947.2,9.6,0.32,Mylan (formerly Matrix) Nashik,See DN-4162 (ID#:82783),See DN-4162 (ID#:82783),804.87
82785,Nigeria,PMO - US,From RDC,N/A - From RDC,Air Charter,28-Feb-15,10-Mar-15,ARV,Adult,SCMS from RDC,SKU0054,"Lamivudine/Nevirapine/Zidovudine 150/200/300mg, tablets, 60 Tabs",Generic,60,350505,2705898.6,7.72,0.13,"Cipla, Goa, India",72975,129843.24,2781.66
82850,Zambia,PMO - US,From RDC,N/A - From RDC,Truck,15-Jan-10,26-Nov-09,ARV,Adult,SCMS from RDC,SKU0003,"Lamivudine 150mg, tablets, 60 Tabs",Generic,60,21,51.24,2.44,0.04,"Aurobindo Unit III, India",1,792.62,0.1
82786,Nigeria,PMO - US,From RDC,N/A - From RDC,Air Charter,28-Feb-15,10-Mar-15,ARV,Adult,SCMS from RDC,SKU0054,"Lamivudine/Nevirapine/Zidovudine 150/200/300mg, tablets, 60 Tabs",Generic,60,59014,455588.08,7.72,0.13,Hetero Unit III Hyderabad IN,See DN-4172 (ID#:82785),See DN-4172 (ID#:82785),468.34
82787,Côte d'Ivoire,PMO - US,From RDC,N/A - From RDC,Truck,27-Mar-15,26-Mar-15,ARV,Pediatric,SCMS from RDC,SKU0140,"Lamivudine/Nevirapine/Zidovudine 30/50/60mg, dispersible tablets, 60 Tabs",Generic,60,16500,59400,3.6,0.06,Mylan (formerly Matrix) Nashik,904,5012.88,61.06
82788,Togo,PMO - US,From RDC,N/A - From RDC,Air,31-Mar-15,23-Mar-15,ARV,Adult,SCMS from RDC,SKU0135,"Lopinavir/Ritonavir 200/50mg, tablets, 120 Tabs",Generic,120,6364,123207.04,19.36,0.16,"Aurobindo Unit III, India",1591,8834.07,145.01
82790,Côte d'Ivoire,PMO - US,From RDC,N/A - From RDC,Truck,29-May-15,29-Apr-15,ARV,Adult,SCMS from RDC,SKU0152,"Abacavir/Lamivudine 600/300mg, tablets, 30 Tabs",Generic,30,1134,14912.1,13.15,0.44,Mylan (formerly Matrix) Nashik,121,1076.5,15.33
82791,Rwanda,PMO - US,From RDC,N/A - From RDC,Truck,30-Apr-15,19-May-15,ARV,Adult,SCMS from RDC,SKU0152,"Abacavir/Lamivudine 600/300mg, tablets, 30 Tabs",Generic,30,50867,668901.05,13.15,0.44,Mylan (formerly Matrix) Nashik,4749,Freight Included in Commodity Cost,787.3
82792,Uganda,PMO - US,From RDC,N/A - From RDC,Truck,30-Apr-15,22-Apr-15,ARV,Pediatric,SCMS from RDC,SKU0124,"Lamivudine/Zidovudine 30/60mg, dispersible tablets, 60 Tabs",Generic,60,6000,11520,1.92,0.03,"Mylan,  H-12 & H-13, India",11732,Freight Included in Commodity Cost,13.56
82794,Zimbabwe,PMO - US,From RDC,N/A - From RDC,Truck,30-Apr-15,10-Apr-15,ARV,Pediatric,SCMS from RDC,SKU0138,"Abacavir/Lamivudine 60/30mg, tablets, 60 Tabs",Generic,60,6634,26204.3,3.95,0.07,Mylan (formerly Matrix) Nashik,6368,225.79,26.94
82795,Nigeria,PMO - US,From RDC,N/A - From RDC,Air Charter,30-Apr-15,15-Apr-15,ARV,Adult,SCMS from RDC,SKU0014,"Zidovudine 300mg, tablets, 60 Tabs",Generic,60,21347,113779.51,5.33,0.09,"Cipla, Goa, India",1554,3583,116.97
82799,Zambia,PMO - US,From RDC,N/A - From RDC,Truck,29-May-15,15-May-15,ARV,Pediatric,SCMS from RDC,SKU0138,"Abacavir/Lamivudine 60/30mg, tablets, 60 Tabs",Generic,60,33308,131566.6,3.95,0.07,Mylan (formerly Matrix) Nashik,2803,4040.64,135.25
82800,Zambia,PMO - US,From RDC,N/A - From RDC,Truck,15-Jun-15,15-May-15,ARV,Adult,SCMS from RDC,SKU0003,"Lamivudine 150mg, tablets, 60 Tabs",Generic,60,68000,118320,1.74,0.03,Hetero Unit III Hyderabad IN,6221,9341.81,121.63
82801,Côte d'Ivoire,PMO - US,From RDC,N/A - From RDC,Truck,29-May-15,8-Jun-15,ARV,Adult,SCMS from RDC,SKU0054,"Lamivudine/Nevirapine/Zidovudine 150/200/300mg, tablets, 60 Tabs",Generic,60,145000,1119400,7.72,0.13,"Strides, Bangalore, India.",16614,24788.37,1317.53
82802,Zambia,PMO - US,From RDC,N/A - From RDC,Truck,29-May-15,15-May-15,ARV,Adult,SCMS from RDC,SKU0007,"Nevirapine 200mg, tablets, 60 Tabs",Generic,60,3926,8558.68,2.18,0.04,"Cipla, Goa, India",477,535.52,8.8
82803,Nigeria,PMO - US,From RDC,N/A - From RDC,Air Charter,29-May-15,13-May-15,ARV,Adult,SCMS from RDC,SKU0107,"Lamivudine/Tenofovir Disoproxil Fumarate 300/300mg, tablets, 30 Tabs",Generic,30,43272,198618.48,4.59,0.15,Hetero Unit III Hyderabad IN,4285,34216.25,204.18
82804,Côte d'Ivoire,PMO - US,From RDC,N/A - From RDC,Truck,29-May-15,29-May-15,ARV,Adult,SCMS from RDC,SKU0054,"Lamivudine/Nevirapine/Zidovudine 150/200/300mg, tablets, 60 Tabs",Generic,60,90000,694800,7.72,0.13,Hetero Unit III Hyderabad IN,17769,36897.57,714.25
82805,"Congo, DRC",PMO - US,From RDC,N/A - From RDC,Air,17-Aug-15,7-Aug-15,ARV,Adult,SCMS from RDC,SKU0011,"Lamivudine/Zidovudine 150/300mg, tablets, 60 Tabs",Generic,60,11700,76284,6.52,0.11,Hetero Unit III Hyderabad IN,Weight Captured Separately,Invoiced Separately,89.79
82806,"Congo, DRC",PMO - US,From RDC,N/A - From RDC,Air,8-Jul-15,30-Jul-15,ARV,Adult,SCMS from RDC,SKU0135,"Lopinavir/Ritonavir 200/50mg, tablets, 120 Tabs",Generic,120,2710,52465.6,19.36,0.16,"Aurobindo Unit III, India",731,9041.74,61.75
82808,Guyana,PMO - US,From RDC,N/A - From RDC,Air,30-Jun-15,26-Jun-15,ARV,Adult,SCMS from RDC,SKU0135,"Lopinavir/Ritonavir 200/50mg, tablets, 120 Tabs",Generic,120,1746,33802.56,19.36,0.16,Hetero Unit III Hyderabad IN,473,5769.34,39.79
82809,Uganda,PMO - US,From RDC,N/A - From RDC,Truck,31-Jul-15,23-Jul-15,ARV,Adult,SCMS from RDC,SKU0007,"Nevirapine 200mg, tablets, 60 Tabs",Generic,60,9566,20853.88,2.18,0.04,Hetero Unit III Hyderabad IN,Weight Captured Separately,Invoiced Separately,24.55
82810,Uganda,PMO - US,From RDC,N/A - From RDC,Truck,31-Jul-15,23-Jul-15,ARV,Adult,SCMS from RDC,SKU0008,"Lopinavir/Ritonavir 200/50mg [Aluvia], tablets, 120 Tabs",Aluvia,120,27048,504174.72,18.64,0.16,ABBVIE Ludwigshafen Germany,See DN-4309 (ID#:82809),See DN-4309 (ID#:82809),593.41
82811,Uganda,PMO - US,From RDC,N/A - From RDC,Truck,31-Jul-15,23-Jul-15,ARV,Adult,SCMS from RDC,SKU0011,"Lamivudine/Zidovudine 150/300mg, tablets, 60 Tabs",Generic,60,88327,575892.04,6.52,0.11,Hetero Unit III Hyderabad IN,Weight Captured Separately,Invoiced Separately,677.82
82812,Côte d'Ivoire,PMO - US,From RDC,N/A - From RDC,Truck,31-Jul-15,6-Aug-15,ARV,Adult,SCMS from RDC,SKU0135,"Lopinavir/Ritonavir 200/50mg, tablets, 120 Tabs",Generic,120,10000,196600,19.66,0.16,Hetero Unit III Hyderabad IN,7041,28406.4,231.4
82813,Zambia,PMO - US,From RDC,N/A - From RDC,Truck,15-Aug-15,25-Aug-15,ARV,Adult,SCMS from RDC,SKU0113,"Efavirenz/Lamivudine/Tenofovir Disoproxil Fumarate 600/300/300mg, tablets, 30 Tabs",Generic,30,148665,1485163.35,9.99,0.33,"Aurobindo Unit VII, IN",37686,Freight Included in Commodity Cost,1526.75
82815,Uganda,PMO - US,From RDC,N/A - From RDC,Truck,14-Aug-15,8-Aug-15,ARV,Adult,SCMS from RDC,SKU0152,"Abacavir/Lamivudine 600/300mg, tablets, 30 Tabs",Generic,30,6324,82907.64,13.11,0.44,Mylan (formerly Matrix) Nashik,Weight Captured Separately,Invoiced Separately,97.58
82819,Nigeria,PMO - US,From RDC,N/A - From RDC,Air,31-Dec-15,28-Aug-15,ARV,Adult,SCMS from RDC,SKU0014,"Zidovudine 300mg, tablets, 60 Tabs",Generic,60,5721,30492.93,5.33,0.09,"Aurobindo Unit III, India",Weight Captured Separately,Invoiced Separately,35.89
82820,Rwanda,PMO - US,From RDC,N/A - From RDC,Air,8-Sep-15,26-Aug-15,ARV,Pediatric,SCMS from RDC,SKU0140,"Lamivudine/Nevirapine/Zidovudine 30/50/60mg, dispersible tablets, 60 Tabs",Generic,60,2592,9201.6,3.55,0.06,"Mylan,  H-12 & H-13, India",Weight Captured Separately,Invoiced Separately,10.83
82837,Nigeria,PMO - US,From RDC,N/A - From RDC,Air Charter,30-Jul-09,4-Aug-09,ARV,Adult,SCMS from RDC,SKU0003,"Lamivudine 150mg, tablets, 60 Tabs",Generic,60,50,122,2.44,0.04,"Aurobindo Unit III, India",112,7445.8,0.24
82838,Nigeria,PMO - US,From RDC,N/A - From RDC,Air Charter,30-Jul-09,4-Aug-09,ARV,Pediatric,SCMS from RDC,SKU0001,"Nevirapine 10mg/ml, oral suspension, Bottle, 240 ml",Generic,240,36,69.12,1.92,0.01,"Aurobindo Unit III, India",See DN-1311 (ID#:82837),See DN-1311 (ID#:82837),0.14
82839,Nigeria,PMO - US,From RDC,N/A - From RDC,Air,17-Sep-09,14-Sep-09,ARV,Adult,SCMS from RDC,SKU0044,"Lamivudine/Nevirapine/Stavudine 150/200/30mg, tablets, 60 Tabs",Generic,60,50,350,7,0.12,"Strides, Bangalore, India.",35,1567.51,0.69
82840,Côte d'Ivoire,PMO - US,From RDC,N/A - From RDC,Air,22-Oct-09,16-Oct-09,ARV,Pediatric,SCMS from RDC,SKU0005,"Zidovudine 10mg/ml, oral solution, Bottle, 240 ml",Generic,240,2000,4200,2.1,0.01,"Aurobindo Unit III, India",749,2336.27,8.23
82841,Côte d'Ivoire,PMO - US,From RDC,N/A - From RDC,Air,23-Oct-09,23-Oct-09,ARV,Pediatric,SCMS from RDC,SKU0071,"Abacavir 20mg/ml, oral solution, Bottle, 240 ml",Generic,240,616,9018.24,14.64,0.06,"Aurobindo Unit III, India",See DN-1474 (ID#:82273),See DN-1474 (ID#:82273),17.68
82842,Haiti,PMO - US,From RDC,N/A - From RDC,Air,18-Nov-09,18-Oct-09,ARV,Pediatric,SCMS from RDC,SKU0071,"Abacavir 20mg/ml, oral solution, Bottle, 240 ml",Generic,240,96,1405.44,14.64,0.06,"Aurobindo Unit III, India",54,1576.32,2.75
82843,Côte d'Ivoire,PMO - US,From RDC,N/A - From RDC,Air,27-Nov-09,13-Nov-09,ARV,Pediatric,SCMS from RDC,SKU0005,"Zidovudine 10mg/ml, oral solution, Bottle, 240 ml",Generic,240,1758,3691.8,2.1,0.01,"Aurobindo Unit III, India",604,7100.04,7.24
82844,Côte d'Ivoire,PMO - US,From RDC,N/A - From RDC,Air,26-Nov-09,5-Nov-09,ARV,Adult,SCMS from RDC,SKU0007,"Nevirapine 200mg, tablets, 60 Tabs",Generic,60,6050,17545,2.9,0.05,"Aurobindo Unit III, India",442,5028.04,34.39
82845,Uganda,PMO - US,From RDC,N/A - From RDC,Air,3-Dec-09,30-Nov-09,ARV,Adult,SCMS from RDC,SKU0054,"Lamivudine/Nevirapine/Zidovudine 150/200/300mg, tablets, 60 Tabs",Generic,60,15584,174852.48,11.22,0.19,"Aurobindo Unit III, India",6843,15170.33,342.71
82846,Uganda,PMO - US,From RDC,N/A - From RDC,Air,7-Dec-09,30-Nov-09,ARV,Adult,SCMS from RDC,SKU0026,"Efavirenz 600mg, tablets, 30 Tabs",Generic,30,4700,27166,5.78,0.19,"Aurobindo Unit III, India",680,3335.33,53.25
82847,Côte d'Ivoire,PMO - US,From RDC,N/A - From RDC,Air,26-Nov-09,2-Dec-09,ARV,Adult,SCMS from RDC,SKU0007,"Nevirapine 200mg, tablets, 60 Tabs",Generic,60,1437,4167.3,2.9,0.05,"Aurobindo Unit III, India",138,1211.48,8.17
82848,Nigeria,PMO - US,From RDC,N/A - From RDC,Air Charter,18-Dec-09,18-Dec-09,ARV,Adult,SCMS from RDC,SKU0011,"Lamivudine/Zidovudine 150/300mg, tablets, 60 Tabs",Generic,60,42751,374498.76,8.76,0.15,Mylan (formerly Matrix) Nashik,3409,11637.64,734.02
82849,Haiti,PMO - US,From RDC,N/A - From RDC,Air,9-Dec-09,1-Dec-09,ARV,Adult,SCMS from RDC,SKU0058,"Abacavir 300mg, tablets, 60 Tabs",Generic,60,225,4819.5,21.42,0.36,Mylan (formerly Matrix) Nashik,306,4030.02,10.39
82851,Côte d'Ivoire,PMO - US,From RDC,N/A - From RDC,Air,30-Dec-09,5-Jan-10,ARV,Adult,SCMS from RDC,SKU0014,"Zidovudine 300mg, tablets, 60 Tabs",Generic,60,9780,73643.4,7.53,0.13,"Aurobindo Unit III, India",550,2794.67,144.34
82854,Côte d'Ivoire,PMO - US,From RDC,N/A - From RDC,Air,8-Feb-10,23-Jan-10,ARV,Pediatric,SCMS from RDC,SKU0071,"Abacavir 20mg/ml, oral solution, Bottle, 240 ml",Generic,240,400,5856,14.64,0.06,"Aurobindo Unit III, India",146,5254.09,11.48
82855,Côte d'Ivoire,PMO - US,From RDC,N/A - From RDC,Air,9-Feb-10,2-Feb-10,ARV,Adult,SCMS from RDC,SKU0011,"Lamivudine/Zidovudine 150/300mg, tablets, 60 Tabs",Generic,60,30000,262800,8.76,0.15,"Aurobindo Unit III, India",2715,7403.18,515.09
82856,Sudan,PMO - US,From RDC,N/A - From RDC,Air,30-Nov-09,22-Nov-09,HRDT,HIV test,SCMS from RDC,SKU0009,"HIV 1/2, Uni-Gold HIV Kit, 20 Tests",Uni-Gold,20,1250,40000,32,1.6,"Trinity Biotech, Plc",Weight Captured Separately,Invoiced Separately,78.4
82857,Côte d'Ivoire,PMO - US,From RDC,N/A - From RDC,Air,11-Feb-10,2-Feb-10,ARV,Pediatric,SCMS from RDC,SKU0092,"Didanosine 200mg, chewable/dispersible tablets, 60 Tabs",Generic,60,23,356.5,15.5,0.26,"Aurobindo Unit III, India",379,1945.66,0.7
82858,Côte d'Ivoire,PMO - US,From RDC,N/A - From RDC,Air,6-Apr-10,24-Feb-10,ARV,Adult,SCMS from RDC,SKU0007,"Nevirapine 200mg, tablets, 60 Tabs",Generic,60,1681,4589.13,2.73,0.05,"Aurobindo Unit III, India",164,2976.56,8.99
82859,Zimbabwe,PMO - US,From RDC,N/A - From RDC,Truck,31-Mar-10,12-Mar-10,ARV,Adult,SCMS from RDC,SKU0014,"Zidovudine 300mg, tablets, 60 Tabs",Generic,60,5880,44276.4,7.53,0.13,Hetero Unit III Hyderabad IN,679,3302.14,95.46
82860,Zimbabwe,PMO - US,From RDC,N/A - From RDC,Truck,31-Mar-10,12-Mar-10,ARV,Adult,SCMS from RDC,SKU0011,"Lamivudine/Zidovudine 150/300mg, tablets, 60 Tabs",Generic,60,560,4905.6,8.76,0.15,"Aurobindo Unit III, India",See DN-1659 (ID#:82859),See DN-1659 (ID#:82859),10.58
82861,Haiti,PMO - US,From RDC,N/A - From RDC,Air,10-Mar-10,3-Mar-10,ARV,Pediatric,SCMS from RDC,SKU0071,"Abacavir 20mg/ml, oral solution, Bottle, 240 ml",Generic,240,224,3046.4,13.6,0.06,"Aurobindo Unit III, India",746,6036.96,6.57
82862,Côte d'Ivoire,PMO - US,From RDC,N/A - From RDC,Air,16-Mar-10,10-Mar-10,ARV,Pediatric,SCMS from RDC,SKU0092,"Didanosine 200mg, chewable/dispersible tablets, 60 Tabs",Generic,60,1485,23017.5,15.5,0.26,"Aurobindo Unit III, India",914,4519.97,45.11
82863,Côte d'Ivoire,PMO - US,From RDC,N/A - From RDC,Air,9-Mar-10,10-Mar-10,ARV,Adult,SCMS from RDC,SKU0003,"Lamivudine 150mg, tablets, 60 Tabs",Generic,60,8010,19544.4,2.44,0.04,"Aurobindo Unit III, India",5350,4519.97,38.31
82864,Ethiopia,PMO - US,From RDC,N/A - From RDC,Air,3-Mar-10,5-Mar-10,ARV,Adult,SCMS from RDC,SKU0011,"Lamivudine/Zidovudine 150/300mg, tablets, 60 Tabs",Generic,60,20000,175200,8.76,0.15,"Aurobindo Unit III, India",1804,6321.99,377.73
82865,Uganda,PMO - US,From RDC,N/A - From RDC,Air,1-Apr-10,15-Mar-10,ARV,Adult,SCMS from RDC,SKU0104,"Lamivudine/Stavudine 150/30mg, tablets, 60 Tabs",Generic,60,120,408,3.4,0.06,"Strides, Bangalore, India.",6,484.56,0.88
82866,Nigeria,PMO - US,From RDC,N/A - From RDC,Air Charter,19-Apr-10,31-Mar-10,ARV,Adult,SCMS from RDC,SKU0026,"Efavirenz 600mg, tablets, 30 Tabs",Generic,30,139303,714624.39,5.13,0.17,"Aurobindo Unit III, India",11982,Freight Included in Commodity Cost,1540.73
82867,Nigeria,PMO - US,From RDC,N/A - From RDC,Air Charter,19-Apr-10,31-Mar-10,ARV,Adult,SCMS from RDC,SKU0044,"Lamivudine/Nevirapine/Stavudine 150/200/30mg, tablets, 60 Tabs",Generic,60,124,757.64,6.11,0.1,"Strides, Bangalore, India.",9,Freight Included in Commodity Cost,1.63
82868,Nigeria,PMO - US,From RDC,N/A - From RDC,Air Charter,19-Apr-10,31-Mar-10,ARV,Adult,SCMS from RDC,SKU0011,"Lamivudine/Zidovudine 150/300mg, tablets, 60 Tabs",Generic,60,710,6219.6,8.76,0.15,"Aurobindo Unit III, India",62,Freight Included in Commodity Cost,13.41
82869,Uganda,PMO - US,From RDC,N/A - From RDC,Air,31-Mar-10,19-Mar-10,ARV,Adult,SCMS from RDC,SKU0026,"Efavirenz 600mg, tablets, 30 Tabs",Generic,30,1000,5130,5.13,0.17,"Aurobindo Unit III, India",95,3549.77,11.06
82870,Nigeria,PMO - US,From RDC,N/A - From RDC,Air Charter,31-Mar-10,31-Mar-10,ARV,Adult,SCMS from RDC,SKU0104,"Lamivudine/Stavudine 150/30mg, tablets, 60 Tabs",Generic,60,466,1584.4,3.4,0.06,"Strides, Bangalore, India.",24,Freight Included in Commodity Cost,3.42
82871,Nigeria,PMO - US,From RDC,N/A - From RDC,Air Charter,19-Apr-10,30-Mar-10,ARV,Adult,SCMS from RDC,SKU0014,"Zidovudine 300mg, tablets, 60 Tabs",Generic,60,50,375,7.5,0.12,Mylan (formerly Matrix) Nashik,3,Freight Included in Commodity Cost,0.81
82872,Nigeria,PMO - US,From RDC,N/A - From RDC,Air Charter,19-Apr-10,31-Mar-10,ARV,Adult,SCMS from RDC,SKU0014,"Zidovudine 300mg, tablets, 60 Tabs",Generic,60,1500,11250,7.5,0.12,Mylan (formerly Matrix) Nashik,120,Freight Included in Commodity Cost,24.26
82873,Côte d'Ivoire,PMO - US,From RDC,N/A - From RDC,Air,12-Apr-10,8-Apr-10,ARV,Adult,SCMS from RDC,SKU0011,"Lamivudine/Zidovudine 150/300mg, tablets, 60 Tabs",Generic,60,20000,175200,8.76,0.15,"Aurobindo Unit III, India",1807,21347.2,343.39
82874,Uganda,PMO - US,From RDC,N/A - From RDC,Truck,1-Apr-10,25-Mar-10,ARV,Adult,SCMS from RDC,SKU0054,"Lamivudine/Nevirapine/Zidovudine 150/200/300mg, tablets, 60 Tabs",Generic,60,45116,506201.52,11.22,0.19,"Aurobindo Unit III, India",5285,11065,992.15
82875,Côte d'Ivoire,PMO - US,From RDC,N/A - From RDC,Air,6-Apr-10,1-Apr-10,ARV,Pediatric,SCMS from RDC,SKU0065,"Zidovudine 100mg, capsules, 100 Caps",Generic,100,2604,12603.36,4.84,0.05,"Aurobindo Unit III, India",675,1702.91,24.7
82876,Uganda,PMO - US,From RDC,N/A - From RDC,Air,26-May-10,8-Apr-10,ARV,Adult,SCMS from RDC,SKU0104,"Lamivudine/Stavudine 150/30mg, tablets, 60 Tabs",Generic,60,75,255,3.4,0.06,"Cipla, Goa, India",10,1865.86,0.55
82877,Uganda,PMO - US,From RDC,N/A - From RDC,Air,26-May-10,12-Apr-10,ARV,Adult,SCMS from RDC,SKU0007,"Nevirapine 200mg, tablets, 60 Tabs",Generic,60,5000,13650,2.73,0.05,"Aurobindo Unit III, India",861,7383.9,29.43
82878,Uganda,PMO - US,From RDC,N/A - From RDC,Air,26-May-10,12-Apr-10,ARV,Adult,SCMS from RDC,SKU0026,"Efavirenz 600mg, tablets, 30 Tabs",Generic,30,2000,10260,5.13,0.17,Mylan (formerly Matrix) Nashik,563,1524.56,22.12
82879,Uganda,PMO - US,From RDC,N/A - From RDC,Air,26-May-10,12-Apr-10,ARV,Adult,SCMS from RDC,SKU0007,"Nevirapine 200mg, tablets, 60 Tabs",Generic,60,4200,11466,2.73,0.05,"Aurobindo Unit III, India",See DN-1766 (ID#:82878),See DN-1766 (ID#:82878),24.72
82880,Nigeria,PMO - US,From RDC,N/A - From RDC,Air Charter,31-Mar-10,18-May-10,ARV,Adult,SCMS from RDC,SKU0170,"Lamivudine/Zidovudine+Efavirenz 150/300mg+600mg, tablets, co-blister 60+30 Tabs",Generic,90,854,23485,27.5,0.31,"Aurobindo Unit III, India",142,9736.1,50.63
82881,Nigeria,PMO - US,From RDC,N/A - From RDC,Air Charter,31-May-10,18-May-10,ARV,Adult,SCMS from RDC,SKU0026,"Efavirenz 600mg, tablets, 30 Tabs",Generic,30,14600,69350,4.75,0.16,"Aurobindo Unit III, India",1288,9736.1,149.52
82882,Uganda,PMO - US,From RDC,N/A - From RDC,Air,2-Jun-10,3-May-10,ARV,Adult,SCMS from RDC,SKU0011,"Lamivudine/Zidovudine 150/300mg, tablets, 60 Tabs",Generic,60,4000,35040,8.76,0.15,Hetero Unit III Hyderabad IN,263,2458.26,75.55
82883,Nigeria,PMO - US,From RDC,N/A - From RDC,Air Charter,31-May-10,18-May-10,ARV,Adult,SCMS from RDC,SKU0011,"Lamivudine/Zidovudine 150/300mg, tablets, 60 Tabs",Generic,60,1227,10748.52,8.76,0.15,Hetero Unit III Hyderabad IN,107,9736.1,23.17
82884,Côte d'Ivoire,PMO - US,From RDC,N/A - From RDC,Air,31-May-10,20-May-10,ARV,Adult,SCMS from RDC,SKU0053,"Emtricitabine/Tenofovir Disoproxil Fumarate 200/300mg [Truvada], tablets, 30 Tabs",Truvada,30,3120,81900,26.25,0.88,"Aspen-OSD, Port Elizabeth, SA",798,2941.11,176.58
82885,Nigeria,PMO - US,From RDC,N/A - From RDC,Air Charter,31-May-10,18-May-10,ARV,Adult,SCMS from RDC,SKU0011,"Lamivudine/Zidovudine 150/300mg, tablets, 60 Tabs",Generic,60,54096,473880.96,8.76,0.15,Hetero Unit III Hyderabad IN,4660,9736.1,1021.69
82886,Côte d'Ivoire,PMO - US,From RDC,N/A - From RDC,Air,31-May-10,25-May-10,ARV,Pediatric,SCMS from RDC,SKU0001,"Nevirapine 10mg/ml, oral suspension, Bottle, 240 ml",Generic,240,1417,2593.11,1.83,0.01,"Aurobindo Unit III, India",538,2195.9,5.08
82887,Guyana,PMO - US,From RDC,N/A - From RDC,Air,7-Jun-10,27-May-10,ARV,Adult,SCMS from RDC,SKU0026,"Efavirenz 600mg, tablets, 30 Tabs",Generic,30,3604,17119,4.75,0.16,"Aurobindo Unit III, India",499,5783.6,36.91
82888,Ethiopia,PMO - US,From RDC,N/A - From RDC,Air,15-Jun-10,1-Jun-10,ARV,Adult,SCMS from RDC,SKU0058,"Abacavir 300mg, tablets, 60 Tabs",Generic,60,4000,68560,17.14,0.29,"Aurobindo Unit III, India",400,961.46,147.82
82889,Haiti,PMO - US,From RDC,N/A - From RDC,Air,30-Jun-10,9-Jun-10,ARV,Pediatric,SCMS from RDC,SKU0071,"Abacavir 20mg/ml, oral solution, Bottle, 240 ml",Generic,240,480,6528,13.6,0.06,"Aurobindo Unit III, India",390,6438.38,14.07
82890,Haiti,PMO - US,From RDC,N/A - From RDC,Air,30-Jun-10,30-Jun-10,ARV,Adult,SCMS from RDC,SKU0026,"Efavirenz 600mg, tablets, 30 Tabs",Generic,30,43512,206682,4.75,0.16,Mylan (formerly Matrix) Nashik,3609,32479.84,445.61
82891,Uganda,PMO - US,From RDC,N/A - From RDC,Air,30-Jun-10,22-Jun-10,ARV,Adult,SCMS from RDC,SKU0054,"Lamivudine/Nevirapine/Zidovudine 150/200/300mg, tablets, 60 Tabs",Generic,60,5000,56000,11.2,0.19,Mylan (formerly Matrix) Nashik,690,5410.32,120.74
82892,Ethiopia,PMO - US,From RDC,N/A - From RDC,Air,21-Jun-10,1-Jun-10,ARV,Adult,SCMS from RDC,SKU0003,"Lamivudine 150mg, tablets, 60 Tabs",Generic,60,69,168.36,2.44,0.04,"Aurobindo Unit III, India",77,961.46,0.36
82893,Côte d'Ivoire,PMO - US,From RDC,N/A - From RDC,Air,28-Jun-10,16-Jun-10,ARV,Adult,SCMS from RDC,SKU0054,"Lamivudine/Nevirapine/Zidovudine 150/200/300mg, tablets, 60 Tabs",Generic,60,80010,897712.2,11.22,0.19,"Aurobindo Unit III, India",9402,33266.37,1759.52
82894,Haiti,PMO - US,From RDC,N/A - From RDC,Air,12-Jul-10,30-Jun-10,ARV,Pediatric,SCMS from RDC,SKU0005,"Zidovudine 10mg/ml, oral solution, Bottle, 240 ml",Generic,240,4448,8984.96,2.02,0.01,"Aurobindo Unit III, India",See DN-1871 (ID#:82328),See DN-1871 (ID#:82328),19.37
82895,Côte d'Ivoire,PMO - US,From RDC,N/A - From RDC,Air,12-Jul-10,5-Jul-10,ARV,Pediatric,SCMS from RDC,SKU0048,"Lamivudine 10mg/ml, oral solution, Bottle, 240 ml",Generic,240,4340,8246,1.9,0.01,"Cipla, Goa, India",1632,5121.68,17.78
82896,Côte d'Ivoire,PMO - US,From RDC,N/A - From RDC,Air,9-Jul-10,5-Jul-10,ARV,Adult,SCMS from RDC,SKU0007,"Nevirapine 200mg, tablets, 60 Tabs",Generic,60,12000,32760,2.73,0.05,"Strides, Bangalore, India.",733,5121.68,70.63
82897,Nigeria,PMO - US,From RDC,N/A - From RDC,Air,15-Jul-10,28-Jun-10,ARV,Adult,SCMS from RDC,SKU0026,"Efavirenz 600mg, tablets, 30 Tabs",Generic,30,6000,27600,4.6,0.15,"Aurobindo Unit III, India",514,Freight Included in Commodity Cost,59.51
82898,Nigeria,PMO - US,From RDC,N/A - From RDC,Air,15-Jul-10,28-Jun-10,ARV,Adult,SCMS from RDC,SKU0003,"Lamivudine 150mg, tablets, 60 Tabs",Generic,60,3000,7320,2.44,0.04,"Aurobindo Unit III, India",142,Freight Included in Commodity Cost,15.78
82899,Nigeria,PMO - US,From RDC,N/A - From RDC,Air,15-Jul-10,28-Jun-10,ARV,Adult,SCMS from RDC,SKU0014,"Zidovudine 300mg, tablets, 60 Tabs",Generic,60,3000,22500,7.5,0.12,"Aurobindo Unit III, India",165,Freight Included in Commodity Cost,48.51
82900,Nigeria,PMO - US,From RDC,N/A - From RDC,Air,15-Jul-10,28-Jun-10,ARV,Adult,SCMS from RDC,SKU0014,"Zidovudine 300mg, tablets, 60 Tabs",Generic,60,100,750,7.5,0.12,"Aurobindo Unit III, India",6,Freight Included in Commodity Cost,1.62
82901,Nigeria,PMO - US,From RDC,N/A - From RDC,Air,15-Jul-10,28-Jun-10,ARV,Adult,SCMS from RDC,SKU0014,"Zidovudine 300mg, tablets, 60 Tabs",Generic,60,30,225,7.5,0.12,"Aurobindo Unit III, India",2,Freight Included in Commodity Cost,0.49
82902,Nigeria,PMO - US,From RDC,N/A - From RDC,Air,15-Jul-10,28-Jun-10,ARV,Adult,SCMS from RDC,SKU0044,"Lamivudine/Nevirapine/Stavudine 150/200/30mg, tablets, 60 Tabs",Generic,60,9000,52650,5.85,0.1,"Strides, Bangalore, India.",653,Freight Included in Commodity Cost,113.51
82903,Nigeria,PMO - US,From RDC,N/A - From RDC,Air,15-Jul-10,28-Jun-10,ARV,Adult,SCMS from RDC,SKU0044,"Lamivudine/Nevirapine/Stavudine 150/200/30mg, tablets, 60 Tabs",Generic,60,3000,17550,5.85,0.1,"Cipla, Goa, India",419,Freight Included in Commodity Cost,37.84
82904,Nigeria,PMO - US,From RDC,N/A - From RDC,Air,15-Jul-10,28-Jun-10,ARV,Adult,SCMS from RDC,SKU0105,"Emtricitabine/Tenofovir Disoproxil Fumarate 200/300mg, tablets, 30 Tabs",Generic,30,1000,11750,11.75,0.39,Mylan (formerly Matrix) Nashik,90,Freight Included in Commodity Cost,25.33
82905,Nigeria,PMO - US,From RDC,N/A - From RDC,Air,15-Jul-10,28-Jun-10,ARV,Adult,SCMS from RDC,SKU0011,"Lamivudine/Zidovudine 150/300mg, tablets, 60 Tabs",Generic,60,80,700.8,8.76,0.15,Mylan (formerly Matrix) Nashik,7,Freight Included in Commodity Cost,1.51
82906,Zimbabwe,PMO - US,From RDC,N/A - From RDC,Air,30-Jul-10,22-Jul-10,ARV,Adult,SCMS from RDC,SKU0044,"Lamivudine/Nevirapine/Stavudine 150/200/30mg, tablets, 60 Tabs",Generic,60,60000,343800,5.73,0.1,"Cipla, Goa, India",7268,13243.91,741.23
82907,Ethiopia,PMO - US,From RDC,N/A - From RDC,Air,21-Sep-10,14-Jul-10,ARV,Adult,SCMS from RDC,SKU0044,"Lamivudine/Nevirapine/Stavudine 150/200/30mg, tablets, 60 Tabs",Generic,60,561,3214.53,5.73,0.1,"Cipla, Goa, India",341,114.22,6.93
82908,Haiti,PMO - US,From RDC,N/A - From RDC,Air,10-Aug-10,23-Aug-10,ARV,Adult,SCMS from RDC,SKU0026,"Efavirenz 600mg, tablets, 30 Tabs",Generic,30,39312,174938.4,4.45,0.15,"Strides, Bangalore, India.",7225,69748.5,377.17
82909,Haiti,PMO - US,From RDC,N/A - From RDC,Air,10-Aug-10,23-Aug-10,ARV,Adult,SCMS from RDC,SKU0041,"Stavudine 15mg, capsules, 60 Caps",Generic,60,336,504,1.5,0.02,"Aurobindo Unit III, India",See DN-1964 (ID#:82908),See DN-1964 (ID#:82908),1.09
82910,Côte d'Ivoire,PMO - US,From RDC,N/A - From RDC,Air,23-Aug-10,23-Aug-10,ARV,Adult,SCMS from RDC,SKU0053,"Emtricitabine/Tenofovir Disoproxil Fumarate 200/300mg [Truvada], tablets, 30 Tabs",Truvada,30,2000,52500,26.25,0.88,"Aspen-OSD, Port Elizabeth, SA",6991,12648.36,113.19
82911,Dominican Republic,PMO - US,From RDC,N/A - From RDC,Air,30-Aug-10,28-Aug-10,ARV,Adult,SCMS from RDC,SKU0107,"Lamivudine/Tenofovir Disoproxil Fumarate 300/300mg, tablets, 30 Tabs",Generic,30,6000,57780,9.63,0.32,Mylan (formerly Matrix) Nashik,1726,17450.76,124.57
82912,Uganda,PMO - US,From RDC,N/A - From RDC,Air,30-Aug-10,23-Aug-10,ARV,Adult,SCMS from RDC,SKU0054,"Lamivudine/Nevirapine/Zidovudine 150/200/300mg, tablets, 60 Tabs",Generic,60,16347,183413.34,11.22,0.19,Mylan (formerly Matrix) Nashik,2098,10620,395.44
82914,Uganda,PMO - US,From RDC,N/A - From RDC,Air,29-Oct-10,27-Sep-10,ARV,Adult,SCMS from RDC,SKU0026,"Efavirenz 600mg, tablets, 30 Tabs",Generic,30,60342,268521.9,4.45,0.15,"Strides, Bangalore, India.",20269,132890.27,578.93
82915,Zambia,PMO - US,From RDC,N/A - From RDC,Truck,4-Nov-10,9-Sep-10,ARV,Adult,SCMS from RDC,SKU0104,"Lamivudine/Stavudine 150/30mg, tablets, 60 Tabs",Generic,60,9100,29848,3.28,0.05,"Cipla, Goa, India",693,2997.97,64.35
82916,Côte d'Ivoire,PMO - US,From RDC,N/A - From RDC,Air,30-Sep-10,25-Sep-10,ARV,Pediatric,SCMS from RDC,SKU0048,"Lamivudine 10mg/ml, oral solution, Bottle, 240 ml",Generic,240,4970,9592.1,1.93,0.01,"Cipla, Goa, India",See DN-2011 (ID#:82350),See DN-2011 (ID#:82350),20.68
82917,Haiti,PMO - US,From RDC,N/A - From RDC,Air,30-Sep-10,7-Oct-10,ARV,Pediatric,SCMS from RDC,SKU0092,"Didanosine 200mg, chewable/dispersible tablets, 60 Tabs",Generic,60,192,2976,15.5,0.26,"Aurobindo Unit III, India",8085,78061.3,6.42
82918,Guyana,PMO - US,From RDC,N/A - From RDC,Air,23-Nov-10,19-Sep-10,ARV,Pediatric,SCMS from RDC,SKU0049,"Efavirenz 50mg, capsule, 30 Caps",Generic,30,230,515.2,2.24,0.07,"Aurobindo Unit III, India",411,3380.86,1.11
82919,Zimbabwe,PMO - US,From RDC,N/A - From RDC,Truck,30-Sep-10,4-Oct-10,ARV,Adult,SCMS from RDC,SKU0104,"Lamivudine/Stavudine 150/30mg, tablets, 60 Tabs",Generic,60,5900,19352,3.28,0.05,"Cipla, Goa, India",18105,16594.87,41.72
82920,Tanzania,PMO - US,From RDC,N/A - From RDC,Truck,29-Oct-10,29-Oct-10,ARV,Adult,SCMS from RDC,SKU0026,"Efavirenz 600mg, tablets, 30 Tabs",Generic,30,90000,400500,4.45,0.15,Mylan (formerly Matrix) Nashik,7397,28022.17,863.48
82921,Zambia,PMO - US,From RDC,N/A - From RDC,Truck,4-Nov-10,8-Nov-10,ARV,Adult,SCMS from RDC,SKU0003,"Lamivudine 150mg, tablets, 60 Tabs",Generic,60,32920,76703.6,2.33,0.04,Hetero Unit III Hyderabad IN,18057,16868.38,165.37
82922,Côte d'Ivoire,PMO - US,From RDC,N/A - From RDC,Truck,28-Oct-10,23-Nov-10,ARV,Adult,SCMS from RDC,SKU0105,"Emtricitabine/Tenofovir Disoproxil Fumarate 200/300mg, tablets, 30 Tabs",Generic,30,8640,97977.6,11.34,0.38,Mylan (formerly Matrix) Nashik,11468,7816.45,211.24
82923,Nigeria,PMO - US,From RDC,N/A - From RDC,Air Charter,18-Nov-10,10-Nov-10,ARV,Adult,SCMS from RDC,SKU0132,"Efavirenz/Emtricitabine/Tenofovir Disoproxil Fumarate 600/200/300mg, tablets, 30 Tabs",Generic,30,20000,398400,19.92,0.66,Mylan (formerly Matrix) Nashik,2181,20264.93,858.95
82924,Nigeria,PMO - US,From RDC,N/A - From RDC,Air Charter,18-Nov-10,10-Nov-10,ARV,Adult,SCMS from RDC,SKU0132,"Efavirenz/Emtricitabine/Tenofovir Disoproxil Fumarate 600/200/300mg, tablets, 30 Tabs",Generic,30,1000,19920,19.92,0.66,Mylan (formerly Matrix) Nashik,101,20264.93,42.95
82925,Nigeria,PMO - US,From RDC,N/A - From RDC,Air Charter,18-Nov-10,9-Nov-10,ARV,Adult,SCMS from RDC,SKU0007,"Nevirapine 200mg, tablets, 60 Tabs",Generic,60,87071,224643.18,2.58,0.04,Hetero Unit III Hyderabad IN,6291,20265,484.33
82926,Ethiopia,PMO - US,From RDC,N/A - From RDC,Air,19-Nov-10,8-Nov-10,ARV,Adult,SCMS from RDC,SKU0058,"Abacavir 300mg, tablets, 60 Tabs",Generic,60,3000,49320,16.44,0.27,Mylan (formerly Matrix) Nashik,342,1419.84,106.33
82927,Côte d'Ivoire,PMO - US,From RDC,N/A - From RDC,Air,30-Nov-10,22-Dec-10,ARV,Adult,SCMS from RDC,SKU0007,"Nevirapine 200mg, tablets, 60 Tabs",Generic,60,233,619.78,2.66,0.04,"Strides, Bangalore, India.",1161,7826.75,1.34
82928,Uganda,PMO - US,From RDC,N/A - From RDC,Truck,27-Dec-10,2-Dec-10,ARV,Adult,SCMS from RDC,SKU0011,"Lamivudine/Zidovudine 150/300mg, tablets, 60 Tabs",Generic,60,62753,536538.15,8.55,0.14,Hetero Unit III Hyderabad IN,5090,35284.86,1156.78
82929,Ethiopia,PMO - US,From RDC,N/A - From RDC,Air,8-Dec-10,9-Dec-10,ARV,Adult,SCMS from RDC,SKU0135,"Lopinavir/Ritonavir 200/50mg, tablets, 120 Tabs",Generic,120,3900,140400,36,0.3,"Aurobindo Unit III, India",950,1842.95,302.7
82931,Nigeria,PMO - US,From RDC,N/A - From RDC,Air Charter,22-Feb-11,16-Feb-11,ARV,Adult,SCMS from RDC,SKU0007,"Nevirapine 200mg, tablets, 60 Tabs",Generic,60,160786,414827.88,2.58,0.04,"Aurobindo Unit III, India",See DN-2090 (ID#:82366),See DN-2090 (ID#:82366),894.37
82932,Nigeria,PMO - US,From RDC,N/A - From RDC,Air Charter,22-Feb-11,16-Feb-11,ARV,Pediatric,SCMS from RDC,SKU0066,"Efavirenz 200mg, capsule, 90 Caps",Generic,90,1050,10174.5,9.69,0.11,"Aurobindo Unit III, India",See DN-2090 (ID#:82366),See DN-2090 (ID#:82366),21.94
82933,Côte d'Ivoire,PMO - US,From RDC,N/A - From RDC,Air,31-Jan-11,22-Feb-11,ARV,Adult,SCMS from RDC,SKU0029,"Tenofovir Disoproxil Fumarate 300mg, tablets, 30 Tabs",Generic,30,4480,29433.6,6.57,0.22,"Aurobindo Unit III, India",3629,8758.37,63.46
82934,Côte d'Ivoire,PMO - US,From RDC,N/A - From RDC,Air,16-Feb-11,22-Feb-11,ARV,Adult,SCMS from RDC,SKU0014,"Zidovudine 300mg, tablets, 60 Tabs",Generic,60,12240,88250.4,7.21,0.12,"Aurobindo Unit III, India",671,8758.36,190.27
82935,Côte d'Ivoire,PMO - US,From RDC,N/A - From RDC,Air,31-Jan-11,22-Feb-11,ARV,Adult,SCMS from RDC,SKU0014,"Zidovudine 300mg, tablets, 60 Tabs",Generic,60,13362,96340.02,7.21,0.12,"Aurobindo Unit III, India",See DN-2108 (ID#:82368),See DN-2108 (ID#:82368),207.71
82936,Uganda,PMO - US,From RDC,N/A - From RDC,Truck,22-Feb-11,28-Feb-11,ARV,Adult,SCMS from RDC,SKU0026,"Efavirenz 600mg, tablets, 30 Tabs",Generic,30,52231,226682.54,4.34,0.14,Hetero Unit III Hyderabad IN,4447,17711.71,488.73
82937,Haiti,PMO - US,From RDC,N/A - From RDC,Air,28-Feb-11,14-Feb-11,ARV,Pediatric,SCMS from RDC,SKU0126,"Nevirapine 10mg/ml, oral suspension w/syringe, Bottle, 240 ml",Generic,240,1000,1950,1.95,0.01,"Aurobindo Unit III, India",830,6555.75,4.2
82938,Mozambique,PMO - US,From RDC,N/A - From RDC,Truck,31-Mar-11,30-Mar-11,ARV,Pediatric,SCMS from RDC,SKU0117,"Zidovudine 10mg/ml, oral solution w/syringe, Bottle, 240 ml",Generic,240,2823,5928.3,2.1,0.01,"Aurobindo Unit III, India",1098,3567.53,9.78
82941,Zambia,PMO - US,From RDC,N/A - From RDC,Truck,31-Mar-11,5-Apr-11,ARV,Adult,SCMS from RDC,SKU0011,"Lamivudine/Zidovudine 150/300mg, tablets, 60 Tabs",Generic,60,25000,213750,8.55,0.14,"Aurobindo Unit III, India",2565,4471.07,460.84
82942,Zimbabwe,PMO - US,From RDC,N/A - From RDC,Truck,31-Mar-11,17-Mar-11,ARV,Adult,SCMS from RDC,SKU0007,"Nevirapine 200mg, tablets, 60 Tabs",Generic,60,91970,230844.7,2.51,0.04,Hetero Unit III Hyderabad IN,5357,7765.18,497.7
82943,Rwanda,PMO - US,From RDC,N/A - From RDC,Air,18-Mar-11,13-Mar-11,ARV,Pediatric,SCMS from RDC,SKU0145,"Abacavir 20mg/ml, oral solution w/syringe, Bottle, 240 ml",Generic,240,1965,26920.5,13.7,0.06,"Aurobindo Unit III, India",724,4520.04,44.42
82944,Côte d'Ivoire,PMO - US,From RDC,N/A - From RDC,Air,20-Apr-11,10-Jun-11,ARV,Adult,SCMS from RDC,SKU0054,"Lamivudine/Nevirapine/Zidovudine 150/200/300mg, tablets, 60 Tabs",Generic,60,45000,504900,11.22,0.19,Mylan (formerly Matrix) Nashik,See DN-2153 (ID#:82374),See DN-2153 (ID#:82374),833.08
82945,Nigeria,PMO - US,From RDC,N/A - From RDC,Air Charter,21-Jun-11,11-May-11,ARV,Adult,SCMS from RDC,SKU0029,"Tenofovir Disoproxil Fumarate 300mg, tablets, 30 Tabs",Generic,30,844,5545.08,6.57,0.22,"Aurobindo Unit III, India",76,12601.07,9.15
82946,Zimbabwe,PMO - US,From RDC,N/A - From RDC,Truck,4-Apr-11,20-May-11,ARV,Pediatric,SCMS from RDC,SKU0070,"Lamivudine/Stavudine 30/6mg, dispersible tablets, 60 Tabs",Generic,60,3453,6560.7,1.9,0.03,"Cipla, Goa, India",687,3403.99,14.14
82947,Ethiopia,PMO - US,From RDC,N/A - From RDC,Air,10-May-11,18-May-11,ARV,Adult,SCMS from RDC,SKU0069,"Didanosine 250mg, delayed-release capsules, 30 Caps",Generic,30,6872,89336,13,0.43,"Aurobindo Unit III, India",577,2143.5,147.4
82948,Ethiopia,PMO - US,From RDC,N/A - From RDC,Air,10-May-11,18-May-11,ARV,Adult,SCMS from RDC,SKU0134,"Didanosine 400mg, delayed-release capsules, 30 Caps",Generic,30,1237,24740,20,0.67,"Aurobindo Unit III, India",See DN-2200 (ID#:82947),See DN-2200 (ID#:82947),40.82
82949,Zimbabwe,PMO - US,From RDC,N/A - From RDC,Truck,31-May-11,13-Jun-11,ARV,Pediatric,SCMS from RDC,SKU0131,"Lamivudine/Zidovudine 30/60mg, tablets, 60 Tabs",Generic,60,1988,6461,3.25,0.05,"Aurobindo Unit III, India",1671,5346.74,13.93
82950,Zimbabwe,PMO - US,From RDC,N/A - From RDC,Truck,31-May-11,15-Jun-11,ARV,Adult,SCMS from RDC,SKU0044,"Lamivudine/Nevirapine/Stavudine 150/200/30mg, tablets, 60 Tabs",Generic,60,19512,104974.56,5.38,0.09,"Cipla, Goa, India",10589,15608.15,226.33
82951,Nigeria,PMO - US,From RDC,N/A - From RDC,Air Charter,21-Jun-11,5-Jul-11,ARV,Adult,SCMS from RDC,SKU0011,"Lamivudine/Zidovudine 150/300mg, tablets, 60 Tabs",Generic,60,32000,264320,8.26,0.14,"Aurobindo Unit III, India",3175,13398.04,436.13
82952,Nigeria,PMO - US,From RDC,N/A - From RDC,Air Charter,15-Jun-11,6-Jul-11,ARV,Adult,SCMS from RDC,SKU0011,"Lamivudine/Zidovudine 150/300mg, tablets, 60 Tabs",Generic,60,12609,104150.34,8.26,0.14,Hetero Unit III Hyderabad IN,4114,13398.06,171.85
82953,Nigeria,PMO - US,From RDC,N/A - From RDC,Air Charter,15-Jun-11,6-Jul-11,ARV,Pediatric,SCMS from RDC,SKU0066,"Efavirenz 200mg, capsule, 90 Caps",Generic,90,1220,11821.8,9.69,0.11,"Aurobindo Unit III, India",169,13398.06,19.51
82954,Benin,PMO - US,From RDC,N/A - From RDC,Air,13-Jun-11,9-Jun-11,ARV,Adult,SCMS from RDC,SKU0026,"Efavirenz 600mg, tablets, 30 Tabs",Generic,30,72029,303962.38,4.22,0.14,Mylan (formerly Matrix) Nashik,7682,28541.79,501.54
82955,Mozambique,PMO - US,From RDC,N/A - From RDC,Truck,10-Aug-11,4-Aug-11,ARV,Adult,SCMS from RDC,SKU0007,"Nevirapine 200mg, tablets, 60 Tabs",Generic,60,2800,7224,2.58,0.04,Hetero Unit III Hyderabad IN,161,5491.01,11.92
82956,Côte d'Ivoire,PMO - US,From RDC,N/A - From RDC,Air,30-Jun-11,26-Jun-11,ARV,Pediatric,SCMS from RDC,SKU0117,"Zidovudine 10mg/ml, oral solution w/syringe, Bottle, 240 ml",Generic,240,390,819,2.1,0.01,"Aurobindo Unit III, India",140,2503.33,1.77
82958,Ghana,PMO - US,From RDC,N/A - From RDC,Air,4-Jul-11,15-Jul-11,ARV,Adult,SCMS from RDC,SKU0011,"Lamivudine/Zidovudine 150/300mg, tablets, 60 Tabs",Generic,60,29998,247783.48,8.26,0.14,"Aurobindo Unit III, India",3274,21881.71,408.84
82959,Haiti,PMO - US,From RDC,N/A - From RDC,Air,19-Jul-11,28-Jun-11,ARV,Pediatric,SCMS from RDC,SKU0049,"Efavirenz 50mg, capsule, 30 Caps",Generic,30,1428,3198.72,2.24,0.07,"Aurobindo Unit III, India",1055,11490.2,5.28
82960,Mozambique,PMO - US,From RDC,N/A - From RDC,Truck,31-Aug-11,1-Sep-11,ARV,Adult,SCMS from RDC,SKU0054,"Lamivudine/Nevirapine/Zidovudine 150/200/300mg, tablets, 60 Tabs",Generic,60,125202,1404766.44,11.22,0.19,Mylan (formerly Matrix) Nashik,34813,14716.83,2317.86
82961,Nigeria,PMO - US,From RDC,N/A - From RDC,Air Charter,30-Jun-11,6-Jul-11,ARV,Adult,SCMS from RDC,SKU0132,"Efavirenz/Emtricitabine/Tenofovir Disoproxil Fumarate 600/200/300mg, tablets, 30 Tabs",Generic,30,62611,1247211.12,19.92,0.66,Mylan (formerly Matrix) Nashik,7190,13398.06,2057.9
82962,Zambia,PMO - US,From RDC,N/A - From RDC,Truck,22-Aug-11,5-Aug-11,ARV,Adult,SCMS from RDC,SKU0058,"Abacavir 300mg, tablets, 60 Tabs",Generic,60,5125,77080,15.04,0.25,Mylan (formerly Matrix) Nashik,523,3949.19,127.18
82964,Uganda,PMO - US,From RDC,N/A - From RDC,Truck,5-Sep-11,14-Jul-11,ARV,Adult,SCMS from RDC,SKU0054,"Lamivudine/Nevirapine/Zidovudine 150/200/300mg, tablets, 60 Tabs",Generic,60,20833,233746.26,11.22,0.19,Mylan (formerly Matrix) Nashik,2757,18317.11,385.68
82965,Haiti,PMO - US,From RDC,N/A - From RDC,Air,19-Jul-11,21-Jul-11,ARV,Adult,SCMS from RDC,SKU0026,"Efavirenz 600mg, tablets, 30 Tabs",Generic,30,49425,208573.5,4.22,0.14,"Aurobindo Unit III, India",4235,29352.17,344.15
82966,Zambia,PMO - US,From RDC,N/A - From RDC,Truck,1-Sep-11,15-Aug-11,ARV,Adult,SCMS from RDC,SKU0058,"Abacavir 300mg, tablets, 60 Tabs",Generic,60,38000,589000,15.5,0.26,Mylan (formerly Matrix) Nashik,10847,15973.89,971.85
82967,Mozambique,PMO - US,From RDC,N/A - From RDC,Truck,31-Aug-11,15-Sep-11,ARV,Adult,SCMS from RDC,SKU0011,"Lamivudine/Zidovudine 150/300mg, tablets, 60 Tabs",Generic,60,25312,216417.6,8.55,0.14,"Aurobindo Unit III, India",4988,7960.74,357.09
82968,Haiti,PMO - US,From RDC,N/A - From RDC,Air,19-Jul-11,11-Aug-11,ARV,Pediatric,SCMS from RDC,SKU0117,"Zidovudine 10mg/ml, oral solution w/syringe, Bottle, 240 ml",Generic,240,8768,18412.8,2.1,0.01,"Aurobindo Unit III, India",10030,96669.4,30.38
82969,Haiti,PMO - US,From RDC,N/A - From RDC,Air,19-Jul-11,11-Aug-11,ARV,Adult,SCMS from RDC,SKU0007,"Nevirapine 200mg, tablets, 60 Tabs",Generic,60,34100,85591,2.51,0.04,Hetero Unit III Hyderabad IN,See DN-2310 (ID#:82968),See DN-2310 (ID#:82968),141.23
82970,Mozambique,PMO - US,From RDC,N/A - From RDC,Truck,12-Aug-11,15-Sep-11,ARV,Pediatric,SCMS from RDC,SKU0117,"Zidovudine 10mg/ml, oral solution w/syringe, Bottle, 240 ml",Generic,240,5625,11362.5,2.02,0.01,"Aurobindo Unit III, India",2157,2166.21,18.75
82971,Zimbabwe,PMO - US,From RDC,N/A - From RDC,Truck,30-Sep-11,23-Sep-11,ARV,Pediatric,SCMS from RDC,SKU0148,"Didanosine 200mg, delayed-release capsules, 30 Caps",Generic,30,51,561,11,0.37,"Aurobindo Unit III, India",6,909.15,1.21
82972,Zimbabwe,PMO - US,From RDC,N/A - From RDC,Truck,30-Sep-11,23-Sep-11,ARV,Pediatric,SCMS from RDC,SKU0148,"Didanosine 200mg, delayed-release capsules, 30 Caps",Generic,30,36,396,11,0.37,"Aurobindo Unit III, India",See DN-2318 (ID#:82971),See DN-2318 (ID#:82971),0.85
82973,Zambia,PMO - US,From RDC,N/A - From RDC,Truck,29-Sep-11,29-Aug-11,ARV,Adult,SCMS from RDC,SKU0011,"Lamivudine/Zidovudine 150/300mg, tablets, 60 Tabs",Generic,60,73692,608695.92,8.26,0.14,"Aurobindo Unit VII, IN",21879,8647.16,1004.35
82974,Zambia,PMO - US,From RDC,N/A - From RDC,Truck,5-Sep-11,5-Sep-11,ARV,Adult,SCMS from RDC,SKU0026,"Efavirenz 600mg, tablets, 30 Tabs",Generic,30,99366,429261.12,4.32,0.14,Hetero Unit III Hyderabad IN,8045,13511.49,708.28
82975,Mozambique,PMO - US,From RDC,N/A - From RDC,Truck,13-Oct-11,13-Oct-11,ARV,Adult,SCMS from RDC,SKU0026,"Efavirenz 600mg, tablets, 30 Tabs",Generic,30,45608,192465.76,4.22,0.14,Hetero Unit III Hyderabad IN,5406,7664.01,317.57
82976,Uganda,PMO - US,From RDC,N/A - From RDC,Truck,5-Aug-11,24-Aug-11,ARV,Adult,SCMS from RDC,SKU0026,"Efavirenz 600mg, tablets, 30 Tabs",Generic,30,47312,199656.64,4.22,0.14,Mylan (formerly Matrix) Nashik,20230,79938.08,329.43
82977,Zimbabwe,PMO - US,From RDC,N/A - From RDC,Truck,30-Sep-11,7-Oct-11,ARV,Adult,SCMS from RDC,SKU0044,"Lamivudine/Nevirapine/Stavudine 150/200/30mg, tablets, 60 Tabs",Generic,60,70000,376600,5.38,0.09,"Strides, Bangalore, India.",5154,12956.94,621.39
82978,Haiti,PMO - US,From RDC,N/A - From RDC,Air,5-Dec-11,1-Oct-11,ARV,Adult,SCMS from RDC,SKU0007,"Nevirapine 200mg, tablets, 60 Tabs",Generic,60,15000,37650,2.51,0.04,Hetero Unit III Hyderabad IN,877,9178.48,62.12
82979,Guyana,PMO - US,From RDC,N/A - From RDC,Air,18-Oct-11,3-Oct-11,ARV,Adult,SCMS from RDC,SKU0058,"Abacavir 300mg, tablets, 60 Tabs",Generic,60,89,1302.07,14.63,0.24,Mylan (formerly Matrix) Nashik,See DN-2348 (ID#:82402),See DN-2348 (ID#:82402),2.15
82980,Nigeria,PMO - US,From RDC,N/A - From RDC,Air Charter,3-Nov-11,28-Sep-11,ARV,Adult,SCMS from RDC,SKU0029,"Tenofovir Disoproxil Fumarate 300mg, tablets, 30 Tabs",Generic,30,1639,10522.38,6.42,0.21,Mylan (formerly Matrix) Nashik,107,18495.9,17.36
82981,Nigeria,PMO - US,From RDC,N/A - From RDC,Air Charter,3-Nov-11,14-Oct-11,ARV,Adult,SCMS from RDC,SKU0107,"Lamivudine/Tenofovir Disoproxil Fumarate 300/300mg, tablets, 30 Tabs",Generic,30,100654,868644.02,8.63,0.29,Mylan (formerly Matrix) Nashik,9629,21326.73,1433.26
82984,Zimbabwe,PMO - US,From RDC,N/A - From RDC,Truck,25-Oct-11,21-Oct-11,ARV,Adult,SCMS from RDC,SKU0026,"Efavirenz 600mg, tablets, 30 Tabs",Generic,30,4200,17724,4.22,0.14,"Strides, Bangalore, India.",257,320.43,29.24
82985,Mozambique,PMO - US,From RDC,N/A - From RDC,Truck,14-Dec-11,14-Dec-11,ARV,Pediatric,SCMS from RDC,SKU0001,"Nevirapine 10mg/ml, oral suspension, Bottle, 240 ml",Generic,240,2047,3684.6,1.8,0.01,"Aurobindo Unit III, India",See DN-2392 (ID#:82413),See DN-2392 (ID#:82413),6.08
82986,Zimbabwe,PMO - US,From RDC,N/A - From RDC,Truck,21-Nov-11,21-Nov-11,ARV,Adult,SCMS from RDC,SKU0007,"Nevirapine 200mg, tablets, 60 Tabs",Generic,60,55800,140058,2.51,0.04,Mylan (formerly Matrix) Nashik,5598,11154.87,231.1
82987,Mozambique,PMO - US,From RDC,N/A - From RDC,Truck,30-Nov-11,14-Dec-11,ARV,Pediatric,SCMS from RDC,SKU0117,"Zidovudine 10mg/ml, oral solution w/syringe, Bottle, 240 ml",Generic,240,2350,4935,2.1,0.01,"Aurobindo Unit III, India",904,573.43,8.14
82988,Côte d'Ivoire,PMO - US,From RDC,N/A - From RDC,Truck,30-Nov-11,19-Nov-11,ARV,Pediatric,SCMS from RDC,SKU0065,"Zidovudine 100mg, capsules, 100 Caps",Generic,100,2256,10738.56,4.76,0.05,"Aurobindo Unit III, India",172,3296.34,17.72
82989,Côte d'Ivoire,PMO - US,From RDC,N/A - From RDC,Truck,9-Dec-11,19-Nov-11,ARV,Adult,SCMS from RDC,SKU0132,"Efavirenz/Emtricitabine/Tenofovir Disoproxil Fumarate 600/200/300mg, tablets, 30 Tabs",Generic,30,6678,133025.76,19.92,0.66,Mylan (formerly Matrix) Nashik,2244,3296.34,219.49
82990,Rwanda,PMO - US,From RDC,N/A - From RDC,Air,24-Nov-11,11-Nov-11,ARV,Pediatric,SCMS from RDC,SKU0049,"Efavirenz 50mg, capsule, 30 Caps",Generic,30,500,1120,2.24,0.07,"Aurobindo Unit III, India",30,1309.03,1.85
82991,Rwanda,PMO - US,From RDC,N/A - From RDC,Air,5-Dec-11,2-Dec-11,ARV,Pediatric,SCMS from RDC,SKU0049,"Efavirenz 50mg, capsule, 30 Caps",Generic,30,700,1568,2.24,0.07,"Aurobindo Unit III, India",46,1274.98,2.59
82992,Zimbabwe,PMO - US,From RDC,N/A - From RDC,Truck,30-Dec-11,9-Dec-11,ARV,Adult,SCMS from RDC,SKU0044,"Lamivudine/Nevirapine/Stavudine 150/200/30mg, tablets, 60 Tabs",Generic,60,9493,52781.08,5.56,0.09,"Cipla, Goa, India",1021,5216.63,87.09
82993,Zimbabwe,PMO - US,From RDC,N/A - From RDC,Truck,7-Dec-11,9-Dec-11,ARV,Adult,SCMS from RDC,SKU0044,"Lamivudine/Nevirapine/Stavudine 150/200/30mg, tablets, 60 Tabs",Generic,60,75507,406227.66,5.38,0.09,"Cipla, Goa, India",8578,5216.63,670.28
82994,Uganda,PMO - US,From RDC,N/A - From RDC,Truck,31-Jan-12,19-Jan-12,ARV,Adult,SCMS from RDC,SKU0011,"Lamivudine/Zidovudine 150/300mg, tablets, 60 Tabs",Generic,60,4226,34906.76,8.26,0.14,"Aurobindo Unit III, India",8,10891.66,57.6
83053,Nigeria,PMO - US,From RDC,N/A - From RDC,Air Charter,2-Aug-12,9-Jul-12,ARV,Adult,SCMS from RDC,SKU0007,"Nevirapine 200mg, tablets, 60 Tabs",Generic,60,99999,243997.56,2.44,0.04,Mylan (formerly Matrix) Nashik,13437,21347.12,342.08
82995,Uganda,PMO - US,From RDC,N/A - From RDC,Truck,31-Jan-12,19-Jan-12,ARV,Adult,SCMS from RDC,SKU0132,"Efavirenz/Emtricitabine/Tenofovir Disoproxil Fumarate 600/200/300mg, tablets, 30 Tabs",Generic,30,8665,172606.8,19.92,0.66,Mylan (formerly Matrix) Nashik,See DN-2461 (ID#:82994),See DN-2461 (ID#:82994),284.8
82996,Uganda,PMO - US,From RDC,N/A - From RDC,Truck,31-Jan-12,19-Jan-12,ARV,Adult,SCMS from RDC,SKU0026,"Efavirenz 600mg, tablets, 30 Tabs",Generic,30,15155,62438.6,4.12,0.14,"Strides, Bangalore, India.",See DN-2461 (ID#:82994),See DN-2461 (ID#:82994),103.02
82997,Tanzania,PMO - US,From RDC,N/A - From RDC,Truck,15-Feb-12,5-Feb-12,ARV,Adult,SCMS from RDC,SKU0113,"Efavirenz/Lamivudine/Tenofovir Disoproxil Fumarate 600/300/300mg, tablets, 30 Tabs",Generic,30,51763,884112.04,17.08,0.57,Mylan (formerly Matrix) Nashik,1645,Freight Included in Commodity Cost,1458.78
82998,Zambia,PMO - US,From RDC,N/A - From RDC,Truck,15-May-12,23-Dec-11,ARV,Adult,SCMS from RDC,SKU0105,"Emtricitabine/Tenofovir Disoproxil Fumarate 200/300mg, tablets, 30 Tabs",Generic,30,66075,592692.75,8.97,0.3,Mylan (formerly Matrix) Nashik,5727,14325.71,977.94
82999,"Congo, DRC",PMO - US,From RDC,N/A - From RDC,Air,16-Mar-12,14-Feb-12,ARV,Adult,SCMS from RDC,SKU0058,"Abacavir 300mg, tablets, 60 Tabs",Generic,60,11,160.93,14.63,0.24,Mylan (formerly Matrix) Nashik,28,456.17,0.23
83000,"Congo, DRC",PMO - US,From RDC,N/A - From RDC,Air,16-Mar-12,14-Feb-12,ARV,Adult,SCMS from RDC,SKU0058,"Abacavir 300mg, tablets, 60 Tabs",Generic,60,10,146.3,14.63,0.24,Mylan (formerly Matrix) Nashik,See DN-2493 (ID#:82432),See DN-2493 (ID#:82432),0.21
83001,"Congo, DRC",PMO - US,From RDC,N/A - From RDC,Air,16-Mar-12,14-Feb-12,ARV,Adult,SCMS from RDC,SKU0011,"Lamivudine/Zidovudine 150/300mg, tablets, 60 Tabs",Generic,60,79,652.54,8.26,0.14,"Aurobindo Unit III, India",See DN-2496 (ID#:82434),See DN-2496 (ID#:82434),0.91
83002,"Congo, DRC",PMO - US,From RDC,N/A - From RDC,Air,16-Mar-12,14-Feb-12,ARV,Adult,SCMS from RDC,SKU0058,"Abacavir 300mg, tablets, 60 Tabs",Generic,60,9,131.67,14.63,0.24,Mylan (formerly Matrix) Nashik,Weight Captured Separately,Invoiced Separately,0.18
83003,"Congo, DRC",PMO - US,From RDC,N/A - From RDC,Air,16-Mar-12,14-Feb-12,ARV,Adult,SCMS from RDC,SKU0026,"Efavirenz 600mg, tablets, 30 Tabs",Generic,30,10,41.2,4.12,0.14,"Strides, Bangalore, India.",See DN-2498 (ID#:83002),See DN-2498 (ID#:83002),0.06
83004,"Congo, DRC",PMO - US,From RDC,N/A - From RDC,Air,16-Mar-12,14-Feb-12,ARV,Adult,SCMS from RDC,SKU0058,"Abacavir 300mg, tablets, 60 Tabs",Generic,60,55,804.65,14.63,0.24,Mylan (formerly Matrix) Nashik,Weight Captured Separately,Invoiced Separately,1.13
83005,"Congo, DRC",PMO - US,From RDC,N/A - From RDC,Air,10-Feb-12,14-Feb-12,ARV,Adult,SCMS from RDC,SKU0026,"Efavirenz 600mg, tablets, 30 Tabs",Generic,30,59,243.08,4.12,0.14,"Strides, Bangalore, India.",See DN-2500 (ID#:82436),See DN-2500 (ID#:82436),0.34
83007,Guyana,PMO - US,From RDC,N/A - From RDC,Air,30-Mar-12,4-Feb-12,ARV,Pediatric,SCMS from RDC,SKU0117,"Zidovudine 10mg/ml, oral solution w/syringe, Bottle, 240 ml",Generic,240,204,428.4,2.1,0.01,"Aurobindo Unit III, India",171,2522.76,0.6
83008,"Congo, DRC",PMO - US,From RDC,N/A - From RDC,Air,16-Mar-12,14-Mar-12,ARV,Adult,SCMS from RDC,SKU0107,"Lamivudine/Tenofovir Disoproxil Fumarate 300/300mg, tablets, 30 Tabs",Generic,30,14,85.12,6.08,0.2,Mylan (formerly Matrix) Nashik,See DN-2506 (ID#:82439),See DN-2506 (ID#:82439),0.12
83009,Mozambique,PMO - US,From RDC,N/A - From RDC,Truck,30-Mar-12,8-Mar-12,ARV,Adult,SCMS from RDC,SKU0054,"Lamivudine/Nevirapine/Zidovudine 150/200/300mg, tablets, 60 Tabs",Generic,60,15600,175032,11.22,0.19,Mylan (formerly Matrix) Nashik,27345,20994.62,288.8
83010,Mozambique,PMO - US,From RDC,N/A - From RDC,Truck,30-Mar-12,8-Mar-12,ARV,Adult,SCMS from RDC,SKU0054,"Lamivudine/Nevirapine/Zidovudine 150/200/300mg, tablets, 60 Tabs",Generic,60,100000,1122000,11.22,0.19,"Cipla, Goa, India",See DN-2518 (ID#:83009),See DN-2518 (ID#:83009),1851.3
83011,Haiti,PMO - US,From RDC,N/A - From RDC,Air,2-Mar-12,12-Mar-12,ARV,Pediatric,SCMS from RDC,SKU0145,"Abacavir 20mg/ml, oral solution w/syringe, Bottle, 240 ml",Generic,240,1470,18375,12.5,0.05,"Aurobindo Unit III, India",9635,95269.39,25.76
83012,Tanzania,PMO - US,From RDC,N/A - From RDC,Truck,30-Mar-12,12-Mar-12,ARV,Pediatric,SCMS from RDC,SKU0049,"Efavirenz 50mg, capsule, 30 Caps",Generic,30,24747,55433.28,2.24,0.07,"Aurobindo Unit III, India",1437,1698.83,91.46
83013,Tanzania,PMO - US,From RDC,N/A - From RDC,Truck,23-Mar-12,12-Mar-12,ARV,Adult,SCMS from RDC,SKU0008,"Lopinavir/Ritonavir 200/50mg [Aluvia], tablets, 120 Tabs",Aluvia,120,17030,574592.2,33.74,0.28,ABBVIE Ludwigshafen Germany,3508,1698.83,948.08
83014,Tanzania,PMO - US,From RDC,N/A - From RDC,Truck,23-Mar-12,12-Mar-12,ARV,Adult,SCMS from RDC,SKU0135,"Lopinavir/Ritonavir 200/50mg, tablets, 120 Tabs",Generic,120,3679,123614.4,33.6,0.28,"Aurobindo Unit III, India",932,1698.83,203.96
83015,Zambia,PMO - US,From RDC,N/A - From RDC,Ocean,30-Mar-12,27-Feb-12,ARV,Pediatric,SCMS from RDC,SKU0126,"Nevirapine 10mg/ml, oral suspension w/syringe, Bottle, 240 ml",Generic,240,4013,7825.35,1.95,0.01,"Aurobindo Unit III, India",1487,5447.21,12.91
83016,Nigeria,PMO - US,From RDC,N/A - From RDC,Air,4-Jul-12,15-Mar-12,ARV,Adult,SCMS from RDC,SKU0054,"Lamivudine/Nevirapine/Zidovudine 150/200/300mg, tablets, 60 Tabs",Generic,60,84000,924000,11,0.18,Mylan (formerly Matrix) Nashik,11160,87294.56,1295.45
83017,Tanzania,PMO - US,From RDC,N/A - From RDC,Truck,4-May-12,13-Mar-12,ARV,Adult,SCMS from RDC,SKU0003,"Lamivudine 150mg, tablets, 60 Tabs",Generic,60,96018,223721.94,2.33,0.04,Macleods Daman Plant INDIA,4271,3825.8,369.14
83018,Mozambique,PMO - US,From RDC,N/A - From RDC,Truck,7-May-12,24-May-12,ARV,Pediatric,SCMS from RDC,SKU0126,"Nevirapine 10mg/ml, oral suspension w/syringe, Bottle, 240 ml",Generic,240,41737,81387.15,1.95,0.01,"Aurobindo Unit III, India",15160,12405.54,134.29
83019,Mozambique,PMO - US,From RDC,N/A - From RDC,Truck,7-May-12,24-May-12,ARV,Adult,SCMS from RDC,SKU0054,"Lamivudine/Nevirapine/Zidovudine 150/200/300mg, tablets, 60 Tabs",Generic,60,185875,2085517.5,11.22,0.19,"Aurobindo Unit III, India",26760,12405.54,3441.1
83020,Tanzania,PMO - US,From RDC,N/A - From RDC,Truck,30-Apr-12,11-Apr-12,ARV,Adult,SCMS from RDC,SKU0132,"Efavirenz/Emtricitabine/Tenofovir Disoproxil Fumarate 600/200/300mg, tablets, 30 Tabs",Generic,30,131280,2196314.4,16.73,0.56,Mylan (formerly Matrix) Nashik,15032,3279.25,3623.92
83021,Burundi,PMO - US,From RDC,N/A - From RDC,Air,26-Apr-12,4-May-12,ARV,Pediatric,SCMS from RDC,SKU0131,"Lamivudine/Zidovudine 30/60mg, tablets, 60 Tabs",Generic,60,15,44.85,2.99,0.05,Mylan (formerly Matrix) Nashik,5256,9506,0.06
83022,Haiti,PMO - US,From RDC,N/A - From RDC,Air,16-Apr-12,28-Mar-12,ARV,Adult,SCMS from RDC,SKU0029,"Tenofovir Disoproxil Fumarate 300mg, tablets, 30 Tabs",Generic,30,192,1056,5.5,0.18,Mylan (formerly Matrix) Nashik,20,870.96,1.48
83023,Uganda,PMO - US,From RDC,N/A - From RDC,Air,3-May-12,27-Mar-12,ARV,Adult,SCMS from RDC,SKU0007,"Nevirapine 200mg, tablets, 60 Tabs",Generic,60,5924,14869.24,2.51,0.04,"Strides, Bangalore, India.",1421,4322.6,20.85
83024,Mozambique,PMO - US,From RDC,N/A - From RDC,Truck,7-May-12,10-May-12,ARV,Adult,SCMS from RDC,SKU0054,"Lamivudine/Nevirapine/Zidovudine 150/200/300mg, tablets, 60 Tabs",Generic,60,117749,1321143.78,11.22,0.19,Mylan (formerly Matrix) Nashik,28088,19652.22,2179.89
83026,Côte d'Ivoire,PMO - US,From RDC,N/A - From RDC,Truck,16-Apr-12,11-Apr-12,ARV,Pediatric,SCMS from RDC,SKU0148,"Didanosine 200mg, delayed-release capsules, 30 Caps",Generic,30,1825,20075,11,0.37,"Aurobindo Unit III, India",119,3159.12,33.12
83027,Côte d'Ivoire,PMO - US,From RDC,N/A - From RDC,Air,16-Apr-12,11-Apr-12,ARV,Pediatric,SCMS from RDC,SKU0148,"Didanosine 200mg, delayed-release capsules, 30 Caps",Generic,30,1235,13585,11,0.37,"Aurobindo Unit III, India",649,1191.02,19.05
83028,Nigeria,PMO - US,From RDC,N/A - From RDC,Air Charter,20-May-12,30-Apr-12,ARV,Adult,SCMS from RDC,SKU0054,"Lamivudine/Nevirapine/Zidovudine 150/200/300mg, tablets, 60 Tabs",Generic,60,48821,547771.62,11.22,0.19,Mylan (formerly Matrix) Nashik,6949,27441.22,903.82
83029,Libya,PMO - US,From RDC,N/A - From RDC,Air,23-May-12,23-May-12,ARV,Adult,SCMS from RDC,SKU0008,"Lopinavir/Ritonavir 200/50mg [Aluvia], tablets, 120 Tabs",Aluvia,120,500,15410,30.82,0.26,ABBVIE Ludwigshafen Germany,709,761.91,21.6
83030,Dominican Republic,PMO - US,From RDC,N/A - From RDC,Air,21-May-12,9-May-12,ARV,Adult,SCMS from RDC,SKU0107,"Lamivudine/Tenofovir Disoproxil Fumarate 300/300mg, tablets, 30 Tabs",Generic,30,847,4692.38,5.54,0.18,"Aurobindo Unit VII, IN",85,1857.04,6.58
83031,Zimbabwe,PMO - US,From RDC,N/A - From RDC,Truck,31-May-12,25-May-12,ARV,Adult,SCMS from RDC,SKU0107,"Lamivudine/Tenofovir Disoproxil Fumarate 300/300mg, tablets, 30 Tabs",Generic,30,78082,432574.28,5.54,0.18,Mylan (formerly Matrix) Nashik,See DN-2655 (ID#:82474),See DN-2655 (ID#:82474),713.75
83032,Zimbabwe,PMO - US,From RDC,N/A - From RDC,Truck,12-Jun-12,25-May-12,ARV,Adult,SCMS from RDC,SKU0107,"Lamivudine/Tenofovir Disoproxil Fumarate 300/300mg, tablets, 30 Tabs",Generic,30,78082,432574.28,5.54,0.18,Mylan (formerly Matrix) Nashik,14314,15219.72,713.75
83135,Burundi,PMO - US,From RDC,N/A - From RDC,Air,30-Jun-13,9-May-13,ARV,Adult,SCMS from RDC,SKU0058,"Abacavir 300mg, tablets, 60 Tabs",Generic,60,180,2332.8,12.96,0.22,Mylan (formerly Matrix) Nashik,123,1501.4,2.89
83033,Zimbabwe,PMO - US,From RDC,N/A - From RDC,Truck,12-Jun-12,25-May-12,ARV,Adult,SCMS from RDC,SKU0026,"Efavirenz 600mg, tablets, 30 Tabs",Generic,30,17422,68120.02,3.91,0.13,"Strides, Bangalore, India.",See DN-2656 (ID#:83032),See DN-2656 (ID#:83032),112.4
83034,Zimbabwe,PMO - US,From RDC,N/A - From RDC,Truck,12-Jun-12,25-May-12,ARV,Adult,SCMS from RDC,SKU0104,"Lamivudine/Stavudine 150/30mg, tablets, 60 Tabs",Generic,60,7150,21092.5,2.95,0.05,"Strides, Bangalore, India.",See DN-2656 (ID#:83032),See DN-2656 (ID#:83032),34.8
83037,Zambia,PMO - US,From RDC,N/A - From RDC,Truck,26-Jul-12,18-Jun-12,ARV,Adult,SCMS from RDC,SKU0026,"Efavirenz 600mg, tablets, 30 Tabs",Generic,30,46190,190302.8,4.12,0.14,"Strides, Bangalore, India.",4539,4496.13,266.8
83038,Uganda,PMO - US,From RDC,N/A - From RDC,Air,4-Jul-12,12-Jun-12,ARV,Adult,SCMS from RDC,SKU0026,"Efavirenz 600mg, tablets, 30 Tabs",Generic,30,20000,78200,3.91,0.13,"Strides, Bangalore, India.",2501,18520.22,109.64
83039,Uganda,PMO - US,From RDC,N/A - From RDC,Truck,17-Aug-12,8-Jun-12,ARV,Adult,SCMS from RDC,SKU0011,"Lamivudine/Zidovudine 150/300mg, tablets, 60 Tabs",Generic,60,17827,138694.06,7.78,0.13,Hetero Unit III Hyderabad IN,2939,17665.42,194.45
83057,Uganda,PMO - US,From RDC,N/A - From RDC,Air,7-Aug-12,7-Aug-12,ARV,Adult,SCMS from RDC,SKU0026,"Efavirenz 600mg, tablets, 30 Tabs",Generic,30,23000,89930,3.91,0.13,"Strides, Bangalore, India.",1403,9800,126.08
83040,"Congo, DRC",PMO - US,From RDC,N/A - From RDC,Air,3-Sep-12,3-Sep-12,ARV,Adult,SCMS from RDC,SKU0054,"Lamivudine/Nevirapine/Zidovudine 150/200/300mg, tablets, 60 Tabs",Generic,60,2000,20580,10.29,0.17,Mylan (formerly Matrix) Nashik,274,2371.06,28.85
83041,Nigeria,PMO - US,From RDC,N/A - From RDC,Air Charter,4-Jul-12,3-Jun-12,ARV,Adult,SCMS from RDC,SKU0007,"Nevirapine 200mg, tablets, 60 Tabs",Generic,60,6026,14703.44,2.44,0.04,Mylan (formerly Matrix) Nashik,6944,17090,20.61
83042,Rwanda,PMO - US,From RDC,N/A - From RDC,Air,31-Jul-12,15-Jun-12,ARV,Adult,SCMS from RDC,SKU0029,"Tenofovir Disoproxil Fumarate 300mg, tablets, 30 Tabs",Generic,30,1056,5808,5.5,0.18,Mylan (formerly Matrix) Nashik,69,1366.67,8.14
83043,Zimbabwe,PMO - US,From RDC,N/A - From RDC,Truck,11-Dec-12,27-Jun-12,ARV,Adult,SCMS from RDC,SKU0044,"Lamivudine/Nevirapine/Stavudine 150/200/30mg, tablets, 60 Tabs",Generic,60,71030,333841,4.7,0.08,"Strides, Bangalore, India.",6990,5530.11,550.84
83044,Zimbabwe,PMO - US,From RDC,N/A - From RDC,Truck,11-Dec-12,27-Jun-12,ARV,Adult,SCMS from RDC,SKU0011,"Lamivudine/Zidovudine 150/300mg, tablets, 60 Tabs",Generic,60,3345,26024.1,7.78,0.13,Mylan (formerly Matrix) Nashik,See DN-2695 (ID#:83043),See DN-2695 (ID#:83043),42.94
83045,"Congo, DRC",PMO - US,From RDC,N/A - From RDC,Air,11-Sep-12,11-Sep-12,ARV,Adult,SCMS from RDC,SKU0135,"Lopinavir/Ritonavir 200/50mg, tablets, 120 Tabs",Generic,120,600,17808,29.68,0.25,"Aurobindo Unit III, India",895,6061.4,24.97
83046,"Congo, DRC",PMO - US,From RDC,N/A - From RDC,Air,11-Sep-12,11-Sep-12,ARV,Pediatric,SCMS from RDC,SKU0126,"Nevirapine 10mg/ml, oral suspension w/syringe, Bottle, 240 ml",Generic,240,1500,2925,1.95,0.01,"Aurobindo Unit III, India",See DN-2697 (ID#:83045),See DN-2697 (ID#:83045),4.1
83047,Mozambique,PMO - US,From RDC,N/A - From RDC,Truck,31-Jul-12,28-Jun-12,ARV,Pediatric,SCMS from RDC,SKU0126,"Nevirapine 10mg/ml, oral suspension w/syringe, Bottle, 240 ml",Generic,240,60968,118887.6,1.95,0.01,"Aurobindo Unit III, India",Weight Captured Separately,Invoiced Separately,166.68
83048,Nigeria,PMO - US,From RDC,N/A - From RDC,Air Charter,2-Aug-12,3-Jun-12,ARV,Adult,SCMS from RDC,SKU0105,"Emtricitabine/Tenofovir Disoproxil Fumarate 200/300mg, tablets, 30 Tabs",Generic,30,13743,110493.72,8.04,0.27,"Aurobindo Unit III, India",1340,17090,154.91
83049,Nigeria,PMO - US,From RDC,N/A - From RDC,Air Charter,2-Aug-12,3-Jun-12,ARV,Adult,SCMS from RDC,SKU0054,"Lamivudine/Nevirapine/Zidovudine 150/200/300mg, tablets, 60 Tabs",Generic,60,116254,1196253.66,10.29,0.17,Mylan (formerly Matrix) Nashik,14964,17090,1677.15
83050,Uganda,PMO - US,From RDC,N/A - From RDC,Air,20-Jul-12,13-Jul-12,ARV,Adult,SCMS from RDC,SKU0029,"Tenofovir Disoproxil Fumarate 300mg, tablets, 30 Tabs",Generic,30,1685,9267.5,5.5,0.18,"Aurobindo Unit III, India",137,1834.79,12.99
83051,Nigeria,PMO - US,From RDC,N/A - From RDC,Air Charter,4-Jul-12,10-Jul-12,ARV,Adult,SCMS from RDC,SKU0007,"Nevirapine 200mg, tablets, 60 Tabs",Generic,60,100156,244380.64,2.44,0.04,"Aurobindo Unit III, India",10687,21347.12,342.62
83052,Nigeria,PMO - US,From RDC,N/A - From RDC,Air Charter,10-Jul-12,10-Jul-12,ARV,Adult,SCMS from RDC,SKU0011,"Lamivudine/Zidovudine 150/300mg, tablets, 60 Tabs",Generic,60,74288,577960.64,7.78,0.13,"Aurobindo Unit III, India",7351,21347.12,810.3
83054,Nigeria,PMO - US,From RDC,N/A - From RDC,Air Charter,2-Aug-12,9-Jul-12,ARV,Adult,SCMS from RDC,SKU0026,"Efavirenz 600mg, tablets, 30 Tabs",Generic,30,3103,11822.43,3.81,0.13,"Strides, Bangalore, India.",See DN-2729 (ID#:82487),See DN-2729 (ID#:82487),16.58
83055,Rwanda,PMO - US,From RDC,N/A - From RDC,Air,28-Sep-12,21-Jul-12,ARV,Pediatric,SCMS from RDC,SKU0066,"Efavirenz 200mg, capsule, 90 Caps",Generic,90,1480,12224.8,8.26,0.09,"Aurobindo Unit III, India",187,2109.22,17.14
83056,Uganda,PMO - US,From RDC,N/A - From RDC,Air,7-Aug-12,7-Aug-12,ARV,Adult,SCMS from RDC,SKU0026,"Efavirenz 600mg, tablets, 30 Tabs",Generic,30,13373,52288.43,3.91,0.13,"Strides, Bangalore, India.",816,7964.24,73.31
83059,"Congo, DRC",PMO - US,From RDC,N/A - From RDC,Air,30-Nov-12,30-Nov-12,HRDT,HIV test,SCMS from RDC,SKU0002,"HIV 1/2, Determine Complete HIV Kit, 100 Tests",Determine,100,725,58000,80,0.8,"Alere Medical Co., Ltd.",225,1482.7,81.32
83060,Nigeria,PMO - US,From RDC,N/A - From RDC,Air Charter,2-Aug-12,24-Jul-12,ARV,Adult,SCMS from RDC,SKU0054,"Lamivudine/Nevirapine/Zidovudine 150/200/300mg, tablets, 60 Tabs",Generic,60,159964,1569246.84,9.81,0.16,"Aurobindo Unit III, India",37944,16532.5,2200.08
83061,Uganda,PMO - US,From RDC,N/A - From RDC,Air,30-Oct-12,30-Oct-12,ARV,Adult,SCMS from RDC,SKU0107,"Lamivudine/Tenofovir Disoproxil Fumarate 300/300mg, tablets, 30 Tabs",Generic,30,20000,110800,5.54,0.18,"Aurobindo Unit VII, IN",8996,43098.9,155.34
83062,Uganda,PMO - US,From RDC,N/A - From RDC,Air,30-Oct-12,30-Oct-12,ARV,Adult,SCMS from RDC,SKU0135,"Lopinavir/Ritonavir 200/50mg, tablets, 120 Tabs",Generic,120,5000,148400,29.68,0.25,"Aurobindo Unit III, India",1199,7070,208.06
83063,Côte d'Ivoire,PMO - US,From RDC,N/A - From RDC,Truck,31-Aug-12,12-Aug-12,ARV,Adult,SCMS from RDC,SKU0026,"Efavirenz 600mg, tablets, 30 Tabs",Generic,30,54392,207233.52,3.81,0.13,Hetero Unit III Hyderabad IN,4883,16898.58,290.54
83064,Nigeria,PMO - US,From RDC,N/A - From RDC,Air Charter,20-Aug-12,14-Aug-12,ARV,Adult,SCMS from RDC,SKU0011,"Lamivudine/Zidovudine 150/300mg, tablets, 60 Tabs",Generic,60,1048,8384,8,0.13,"Cipla, Goa, India",4809,18461.23,11.75
83065,Rwanda,PMO - US,From RDC,N/A - From RDC,Air,31-Aug-12,23-Aug-12,ARV,Adult,SCMS from RDC,SKU0058,"Abacavir 300mg, tablets, 60 Tabs",Generic,60,6849,90064.35,13.15,0.22,"Aurobindo Unit III, India",880,13841.89,126.27
83066,Uganda,PMO - US,From RDC,N/A - From RDC,Truck,27-Sep-12,27-Sep-12,ARV,Adult,SCMS from RDC,SKU0026,"Efavirenz 600mg, tablets, 30 Tabs",Generic,30,66160,258685.6,3.91,0.13,"Aurobindo Unit III, India",5641,2175.07,362.68
83067,Guyana,PMO - US,From RDC,N/A - From RDC,Air,2-Oct-12,29-Aug-12,ARV,Pediatric,SCMS from RDC,SKU0066,"Efavirenz 200mg, capsule, 90 Caps",Generic,90,52,429.52,8.26,0.09,"Aurobindo Unit III, India",38,4718.3,0.6
83068,"Congo, DRC",PMO - US,From RDC,N/A - From RDC,Air,14-Feb-13,14-Feb-13,ARV,Adult,SCMS from RDC,SKU0011,"Lamivudine/Zidovudine 150/300mg, tablets, 60 Tabs",Generic,60,1224,9449.28,7.72,0.13,Mylan (formerly Matrix) Nashik,3637,25634.47,13.25
83069,Nigeria,PMO - US,From RDC,N/A - From RDC,Air,31-Aug-12,14-Aug-12,ARV,Adult,SCMS from RDC,SKU0107,"Lamivudine/Tenofovir Disoproxil Fumarate 300/300mg, tablets, 30 Tabs",Generic,30,25000,134000,5.36,0.18,Hetero Unit III Hyderabad IN,5897,18461.22,187.87
83070,Nigeria,PMO - US,From RDC,N/A - From RDC,Air,10-Sep-12,14-Aug-12,ARV,Adult,SCMS from RDC,SKU0132,"Efavirenz/Emtricitabine/Tenofovir Disoproxil Fumarate 600/200/300mg, tablets, 30 Tabs",Generic,30,107489,1616634.56,15.04,0.5,Mylan (formerly Matrix) Nashik,13193,18461.22,2266.52
83071,Zambia,PMO - US,From RDC,N/A - From RDC,Truck,17-Sep-12,7-Sep-12,ARV,Adult,SCMS from RDC,SKU0014,"Zidovudine 300mg, tablets, 60 Tabs",Generic,60,27633,186799.08,6.76,0.11,Hetero Unit III Hyderabad IN,See DN-2832 (ID#:82505),See DN-2832 (ID#:82505),308.22
83072,Zambia,PMO - US,From RDC,N/A - From RDC,Truck,24-Sep-12,7-Sep-12,ARV,Adult,SCMS from RDC,SKU0105,"Emtricitabine/Tenofovir Disoproxil Fumarate 200/300mg, tablets, 30 Tabs",Generic,30,107175,762014.25,7.11,0.24,Mylan (formerly Matrix) Nashik,8709,7317.47,1068.34
83073,Zambia,PMO - US,From RDC,N/A - From RDC,Truck,25-Sep-12,7-Sep-12,ARV,Adult,SCMS from RDC,SKU0026,"Efavirenz 600mg, tablets, 30 Tabs",Generic,30,182876,715045.16,3.91,0.13,"Strides, Bangalore, India.",See DN-2833 (ID#:82506),See DN-2833 (ID#:82506),1002.49
83074,Côte d'Ivoire,PMO - US,From RDC,N/A - From RDC,Truck,13-Nov-12,5-Sep-12,ARV,Adult,SCMS from RDC,SKU0054,"Lamivudine/Nevirapine/Zidovudine 150/200/300mg, tablets, 60 Tabs",Generic,60,75024,735985.44,9.81,0.16,Hetero Unit III Hyderabad IN,See DN-2837 (ID#:82507),See DN-2837 (ID#:82507),1031.85
83075,Uganda,PMO - US,From RDC,N/A - From RDC,Truck,5-Oct-12,6-Oct-12,ARV,Adult,SCMS from RDC,SKU0135,"Lopinavir/Ritonavir 200/50mg, tablets, 120 Tabs",Generic,120,4968,145612.08,29.31,0.24,"Aurobindo Unit III, India",1207,7238,204.15
83076,Uganda,PMO - US,From RDC,N/A - From RDC,Truck,28-Sep-12,24-Sep-12,ARV,Adult,SCMS from RDC,SKU0135,"Lopinavir/Ritonavir 200/50mg, tablets, 120 Tabs",Generic,120,8517,252784.56,29.68,0.25,"Aurobindo Unit III, India",2078,15761.76,354.4
83077,Rwanda,PMO - US,From RDC,N/A - From RDC,Air,31-Oct-12,30-Oct-12,ARV,Adult,SCMS from RDC,SKU0135,"Lopinavir/Ritonavir 200/50mg, tablets, 120 Tabs",Generic,120,10979,325856.72,29.68,0.25,Mylan (formerly Matrix) Nashik,2881,5825.17,456.85
83078,Rwanda,PMO - US,From RDC,N/A - From RDC,Air,28-Sep-12,13-Sep-12,ARV,Adult,SCMS from RDC,SKU0007,"Nevirapine 200mg, tablets, 60 Tabs",Generic,60,69922,170609.68,2.44,0.04,"Strides, Bangalore, India.",4444,26081.05,239.19
83079,Rwanda,PMO - US,From RDC,N/A - From RDC,Air,28-Sep-12,5-Oct-12,ARV,Pediatric,SCMS from RDC,SKU0145,"Abacavir 20mg/ml, oral solution w/syringe, Bottle, 240 ml",Generic,240,4928,61600,12.5,0.05,"Aurobindo Unit III, India",1800,12500.58,86.36
83080,Rwanda,PMO - US,From RDC,N/A - From RDC,Air,26-Oct-12,26-Oct-12,ARV,Adult,SCMS from RDC,SKU0135,"Lopinavir/Ritonavir 200/50mg, tablets, 120 Tabs",Generic,120,16515,490165.2,29.68,0.25,"Aurobindo Unit III, India",3991,13380.52,687.21
83081,South Sudan,PMO - US,From RDC,N/A - From RDC,Air,15-Nov-12,23-Oct-12,ARV,Adult,SCMS from RDC,SKU0014,"Zidovudine 300mg, tablets, 60 Tabs",Generic,60,9360,63273.6,6.76,0.11,Hetero Unit III Hyderabad IN,See DN-2858 (ID#:82511),See DN-2858 (ID#:82511),88.71
83082,Uganda,PMO - US,From RDC,N/A - From RDC,Air,27-Oct-12,27-Oct-12,ARV,Adult,SCMS from RDC,SKU0107,"Lamivudine/Tenofovir Disoproxil Fumarate 300/300mg, tablets, 30 Tabs",Generic,30,11994,64287.84,5.36,0.18,"Cipla, Kurkumbh, India",1199,7918,90.13
83083,Mozambique,PMO - US,From RDC,N/A - From RDC,Truck,31-Oct-12,10-Oct-12,ARV,Adult,SCMS from RDC,SKU0007,"Nevirapine 200mg, tablets, 60 Tabs",Generic,60,3167,7664.14,2.42,0.04,Mylan (formerly Matrix) Nashik,775,3855.94,10.75
83084,Uganda,PMO - US,From RDC,N/A - From RDC,Air,25-Oct-12,22-Oct-12,ARV,Adult,SCMS from RDC,SKU0011,"Lamivudine/Zidovudine 150/300mg, tablets, 60 Tabs",Generic,60,3540,27328.8,7.72,0.13,Hetero Unit III Hyderabad IN,See DN-2873 (ID#:82515),See DN-2873 (ID#:82515),38.31
83085,Rwanda,PMO - US,From RDC,N/A - From RDC,Air,31-Oct-12,30-Oct-12,ARV,Adult,SCMS from RDC,SKU0113,"Efavirenz/Lamivudine/Tenofovir Disoproxil Fumarate 600/300/300mg, tablets, 30 Tabs",Generic,30,3234,42915.18,13.27,0.44,Mylan (formerly Matrix) Nashik,See DN-2885 (ID#:82518),See DN-2885 (ID#:82518),60.17
83086,Cameroon,PMO - US,From RDC,N/A - From RDC,Air Charter,24-Oct-12,17-Oct-12,ARV,Adult,SCMS from RDC,SKU0026,"Efavirenz 600mg, tablets, 30 Tabs",Generic,30,71406,259917.84,3.64,0.12,"Aurobindo Unit III, India",See DN-2886 (ID#:82519),See DN-2886 (ID#:82519),364.4
83087,Cameroon,PMO - US,From RDC,N/A - From RDC,Air Charter,24-Oct-12,17-Oct-12,ARV,Adult,SCMS from RDC,SKU0107,"Lamivudine/Tenofovir Disoproxil Fumarate 300/300mg, tablets, 30 Tabs",Generic,30,21514,115315.04,5.36,0.18,"Cipla, Kurkumbh, India",See DN-2886 (ID#:82519),See DN-2886 (ID#:82519),161.67
83088,Cameroon,PMO - US,From RDC,N/A - From RDC,Air Charter,7-Nov-12,17-Oct-12,ARV,Adult,SCMS from RDC,SKU0113,"Efavirenz/Lamivudine/Tenofovir Disoproxil Fumarate 600/300/300mg, tablets, 30 Tabs",Generic,30,20000,265400,13.27,0.44,Mylan (formerly Matrix) Nashik,3943,67732.55,372.09
83089,Zimbabwe,PMO - US,From RDC,N/A - From RDC,Truck,19-Nov-12,19-Nov-12,ARV,Pediatric,SCMS from RDC,SKU0131,"Lamivudine/Zidovudine 30/60mg, tablets, 60 Tabs",Generic,60,26267,72496.92,2.76,0.05,Mylan (formerly Matrix) Nashik,1875,6933.75,101.64
83090,Zimbabwe,PMO - US,From RDC,N/A - From RDC,Truck,30-Nov-12,14-Nov-12,ARV,Pediatric,SCMS from RDC,SKU0145,"Abacavir 20mg/ml, oral solution w/syringe, Bottle, 240 ml",Generic,240,42,525,12.5,0.05,"Aurobindo Unit III, India",16,839.7,0.74
83091,Côte d'Ivoire,PMO - US,From RDC,N/A - From RDC,Truck,15-Dec-12,26-Nov-12,ARV,Pediatric,SCMS from RDC,SKU0131,"Lamivudine/Zidovudine 30/60mg, tablets, 60 Tabs",Generic,60,10080,27820.8,2.76,0.05,Mylan (formerly Matrix) Nashik,5466,19079.68,39
83092,Zambia,PMO - US,From RDC,N/A - From RDC,Truck,26-Dec-12,17-Dec-12,ARV,Adult,SCMS from RDC,SKU0003,"Lamivudine 150mg, tablets, 60 Tabs",Generic,60,15393,33248.88,2.16,0.04,Hetero Unit III Hyderabad IN,768,5213.54,46.61
83093,Côte d'Ivoire,PMO - US,From RDC,N/A - From RDC,Truck,15-Dec-12,26-Nov-12,ARV,Adult,SCMS from RDC,SKU0135,"Lopinavir/Ritonavir 200/50mg, tablets, 120 Tabs",Generic,120,17600,469920,26.7,0.22,Mylan (formerly Matrix) Nashik,See DN-2932 (ID#:83091),See DN-2932 (ID#:83091),658.83
83094,Haiti,PMO - US,From RDC,N/A - From RDC,Air,3-Dec-12,14-Nov-12,ARV,Adult,SCMS from RDC,SKU0011,"Lamivudine/Zidovudine 150/300mg, tablets, 60 Tabs",Generic,60,29220,225578.4,7.72,0.13,Mylan (formerly Matrix) Nashik,3809,39513.54,279.04
83095,Zimbabwe,PMO - US,From RDC,N/A - From RDC,Truck,14-Dec-12,11-Dec-12,ARV,Pediatric,SCMS from RDC,SKU0070,"Lamivudine/Stavudine 30/6mg, dispersible tablets, 60 Tabs",Generic,60,9215,17508.5,1.9,0.03,"Cipla, Goa, India",See DN-2942 (ID#:82530),See DN-2942 (ID#:82530),24.55
83096,Nigeria,PMO - US,From RDC,N/A - From RDC,Air,4-Dec-12,4-Dec-12,ARV,Adult,SCMS from RDC,SKU0007,"Nevirapine 200mg, tablets, 60 Tabs",Generic,60,36000,87120,2.42,0.04,Mylan (formerly Matrix) Nashik,See DN-2946 (ID#:82531),See DN-2946 (ID#:82531),122.14
83097,Côte d'Ivoire,PMO - US,From RDC,N/A - From RDC,Truck,1-Feb-13,14-Jan-13,ARV,Pediatric,SCMS from RDC,SKU0131,"Lamivudine/Zidovudine 30/60mg, tablets, 60 Tabs",Generic,60,3952,10907.52,2.76,0.05,"Aurobindo Unit III, India",2705,9879.25,15.29
83098,Rwanda,PMO - US,From RDC,N/A - From RDC,Air,6-Feb-13,6-Feb-13,ARV,Adult,SCMS from RDC,SKU0107,"Lamivudine/Tenofovir Disoproxil Fumarate 300/300mg, tablets, 30 Tabs",Generic,30,34997,187583.92,5.36,0.18,"Aurobindo Unit VII, IN",10698,20994.85,262.99
83099,Côte d'Ivoire,PMO - US,From RDC,N/A - From RDC,Truck,28-Feb-13,27-Dec-12,ARV,Adult,SCMS from RDC,SKU0029,"Tenofovir Disoproxil Fumarate 300mg, tablets, 30 Tabs",Generic,30,5856,28225.92,4.82,0.16,Mylan (formerly Matrix) Nashik,354,3026.62,39.57
83100,Tanzania,PMO - US,From RDC,N/A - From RDC,Truck,28-Feb-13,26-Feb-12,ARV,Pediatric,SCMS from RDC,SKU0142,"Efavirenz 200mg, scored tablets, 90 Tabs",Generic,90,5765,42084.5,7.3,0.08,"Strides, Bangalore, India.",350,2266,59
83101,Uganda,PMO - US,From RDC,N/A - From RDC,Air,2-Feb-13,2-Feb-13,ARV,Adult,SCMS from RDC,SKU0107,"Lamivudine/Tenofovir Disoproxil Fumarate 300/300mg, tablets, 30 Tabs",Generic,30,1525,7335.25,4.81,0.16,"Cipla, Kurkumbh, India",See DN-2952 (ID#:82537),See DN-2952 (ID#:82537),10.28
83102,"Congo, DRC",PMO - US,From RDC,N/A - From RDC,Air,11-Sep-13,11-Sep-13,ARV,Adult,SCMS from RDC,SKU0026,"Efavirenz 600mg, tablets, 30 Tabs",Generic,30,568,2022.08,3.56,0.12,"Strides, Bangalore, India.",See DN-2981 (ID#:82538),See DN-2981 (ID#:82538),2.5
83103,Mozambique,PMO - US,From RDC,N/A - From RDC,Truck,22-Mar-13,22-Mar-13,ARV,Adult,SCMS from RDC,SKU0054,"Lamivudine/Nevirapine/Zidovudine 150/200/300mg, tablets, 60 Tabs",Generic,60,182729,1639079.13,8.97,0.15,Hetero Unit III Hyderabad IN,25666,7733.77,2297.99
83107,Mozambique,PMO - US,From RDC,N/A - From RDC,Truck,1-Apr-13,22-Mar-13,ARV,Adult,SCMS from RDC,SKU0011,"Lamivudine/Zidovudine 150/300mg, tablets, 60 Tabs",Generic,60,39096,284227.92,7.27,0.12,"Aurobindo Unit III, India",3591,7733.77,351.59
83108,"Congo, DRC",PMO - US,From RDC,N/A - From RDC,Air,18-Mar-13,8-Aug-13,ARV,Pediatric,SCMS from RDC,SKU0126,"Nevirapine 10mg/ml, oral suspension w/syringe, Bottle, 240 ml",Generic,240,738,1439.1,1.95,0.01,"Aurobindo Unit III, India",112,9687.69,1.78
83109,Côte d'Ivoire,PMO - US,From RDC,N/A - From RDC,Truck,11-Mar-13,28-Feb-13,ARV,Adult,SCMS from RDC,SKU0107,"Lamivudine/Tenofovir Disoproxil Fumarate 300/300mg, tablets, 30 Tabs",Generic,30,9033,42455.1,4.7,0.16,Hetero Unit III Hyderabad IN,941,3980.18,59.52
83110,Côte d'Ivoire,PMO - US,From RDC,N/A - From RDC,Air,6-Mar-13,28-Feb-13,ARV,Adult,SCMS from RDC,SKU0105,"Emtricitabine/Tenofovir Disoproxil Fumarate 200/300mg, tablets, 30 Tabs",Generic,30,8300,50381,6.07,0.2,"Aurobindo Unit III, India",760,4880.14,62.32
83111,Côte d'Ivoire,PMO - US,From RDC,N/A - From RDC,Truck,27-Mar-13,28-Feb-13,ARV,Pediatric,SCMS from RDC,SKU0138,"Abacavir/Lamivudine 60/30mg, tablets, 60 Tabs",Generic,60,5024,23110.4,4.6,0.08,"Aurobindo Unit III, India",2732,10680.14,32.4
83112,Uganda,PMO - US,From RDC,N/A - From RDC,Air,18-Mar-13,7-Mar-13,ARV,Adult,SCMS from RDC,SKU0011,"Lamivudine/Zidovudine 150/300mg, tablets, 60 Tabs",Generic,60,10125,73608.75,7.27,0.12,"Cipla, Goa, India",1887,12736.25,103.2
83113,Nigeria,PMO - US,From RDC,N/A - From RDC,Air Charter,15-Mar-13,21-Feb-13,ARV,Adult,SCMS from RDC,SKU0007,"Nevirapine 200mg, tablets, 60 Tabs",Generic,60,99999,225997.74,2.26,0.04,"Aurobindo Unit VII, IN",See DN-3028 (ID#:82548),See DN-3028 (ID#:82548),316.85
83114,Zimbabwe,PMO - US,From RDC,N/A - From RDC,Truck,30-Mar-13,23-Mar-13,ARV,Adult,SCMS from RDC,SKU0162,"Abacavir/Lamivudine 600/300mg, scored tablets, 30 Tabs",Generic,30,270,3769.2,13.96,0.47,Mylan (formerly Matrix) Nashik,18,1100,5.28
83136,Zimbabwe,PMO - US,From RDC,N/A - From RDC,Truck,6-May-13,29-Apr-13,ARV,Adult,SCMS from RDC,SKU0007,"Nevirapine 200mg, tablets, 60 Tabs",Generic,60,40520,91575.2,2.26,0.04,"Aurobindo Unit III, India",20226,21173.75,113.28
83115,Tanzania,PMO - US,From RDC,N/A - From RDC,Truck,1-Apr-13,15-Mar-13,ARV,Adult,SCMS from RDC,SKU0029,"Tenofovir Disoproxil Fumarate 300mg, tablets, 30 Tabs",Generic,30,1773,7162.92,4.04,0.13,Mylan (formerly Matrix) Nashik,116,2035.84,10.04
83116,Haiti,PMO - US,From RDC,N/A - From RDC,Air,30-Apr-13,21-Mar-13,ARV,Pediatric,SCMS from RDC,SKU0070,"Lamivudine/Stavudine 30/6mg, dispersible tablets, 60 Tabs",Generic,60,822,1561.8,1.9,0.03,"Cipla, Goa, India",107,1779.74,1.93
83117,Haiti,PMO - US,From RDC,N/A - From RDC,Air,9-Apr-13,14-Mar-13,ARV,Adult,SCMS from RDC,SKU0054,"Lamivudine/Nevirapine/Zidovudine 150/200/300mg, tablets, 60 Tabs",Generic,60,39072,335237.76,8.58,0.14,Hetero Unit III Hyderabad IN,See DN-3015 (ID#:82554),See DN-3015 (ID#:82554),414.69
83118,Zambia,PMO - US,From RDC,N/A - From RDC,Truck,15-Mar-13,22-Mar-13,ARV,Adult,SCMS from RDC,SKU0132,"Efavirenz/Emtricitabine/Tenofovir Disoproxil Fumarate 600/200/300mg, tablets, 30 Tabs",Generic,30,100000,1369000,13.69,0.46,"Cipla, Goa, India",10442,11520.85,1919.34
83119,Côte d'Ivoire,PMO - US,From RDC,N/A - From RDC,Truck,30-Apr-13,8-Mar-13,ARV,Adult,SCMS from RDC,SKU0135,"Lopinavir/Ritonavir 200/50mg, tablets, 120 Tabs",Generic,120,3524,87254.24,24.76,0.21,Mylan (formerly Matrix) Nashik,3264,14368.65,122.33
83120,Haiti,PMO - US,From RDC,N/A - From RDC,Air,9-Apr-13,14-Mar-13,ARV,Pediatric,SCMS from RDC,SKU0130,"Lamivudine 10mg/ml, oral solution w/syringe, Bottle, 240 ml",Generic,240,1944,3596.4,1.85,0.01,"Aurobindo Unit III, India",682,8118.08,4.45
83121,Guyana,PMO - US,From RDC,N/A - From RDC,Air,18-Apr-13,15-Mar-13,ARV,Adult,SCMS from RDC,SKU0105,"Emtricitabine/Tenofovir Disoproxil Fumarate 200/300mg, tablets, 30 Tabs",Generic,30,4917,31370.46,6.38,0.21,Hetero Unit III Hyderabad IN,1283,12862.56,38.81
83122,Tanzania,PMO - US,From RDC,N/A - From RDC,Truck,31-Mar-13,2-Apr-13,ARV,Adult,SCMS from RDC,SKU0105,"Emtricitabine/Tenofovir Disoproxil Fumarate 200/300mg, tablets, 30 Tabs",Generic,30,15027,91213.89,6.07,0.2,Mylan (formerly Matrix) Nashik,1248,4529.5,127.88
83123,Uganda,PMO - US,From RDC,N/A - From RDC,Truck,28-Jun-13,20-Mar-13,ARV,Adult,SCMS from RDC,SKU0162,"Abacavir/Lamivudine 600/300mg, scored tablets, 30 Tabs",Generic,30,5760,80409.6,13.96,0.47,Mylan (formerly Matrix) Nashik,610,6585.03,99.47
83124,Uganda,PMO - US,From RDC,N/A - From RDC,Air,25-Apr-13,25-Apr-13,ARV,Adult,SCMS from RDC,SKU0007,"Nevirapine 200mg, tablets, 60 Tabs",Generic,60,8834,19964.84,2.26,0.04,"Aurobindo Unit III, India",1600,8699.8,24.7
83125,Zimbabwe,PMO - US,From RDC,N/A - From RDC,Truck,30-Apr-13,8-Apr-13,ARV,Adult,SCMS from RDC,SKU0107,"Lamivudine/Tenofovir Disoproxil Fumarate 300/300mg, tablets, 30 Tabs",Generic,30,131520,618144,4.7,0.16,Hetero Unit III Hyderabad IN,19248,14451.69,764.64
83126,Zimbabwe,PMO - US,From RDC,N/A - From RDC,Truck,30-Mar-13,8-Apr-13,ARV,Adult,SCMS from RDC,SKU0107,"Lamivudine/Tenofovir Disoproxil Fumarate 300/300mg, tablets, 30 Tabs",Generic,30,29506,138678.2,4.7,0.16,Hetero Unit III Hyderabad IN,3133,14451.69,171.54
83128,Zimbabwe,PMO - US,From RDC,N/A - From RDC,Truck,30-Mar-13,8-Apr-13,ARV,Adult,SCMS from RDC,SKU0054,"Lamivudine/Nevirapine/Zidovudine 150/200/300mg, tablets, 60 Tabs",Generic,60,21300,182754,8.58,0.14,Mylan (formerly Matrix) Nashik,13288,14451.69,256.22
83129,Côte d'Ivoire,PMO - US,From RDC,N/A - From RDC,Truck,28-Mar-13,30-Mar-13,ARV,Adult,SCMS from RDC,SKU0054,"Lamivudine/Nevirapine/Zidovudine 150/200/300mg, tablets, 60 Tabs",Generic,60,8778,75315.24,8.58,0.14,Hetero Unit III Hyderabad IN,22043,41802.56,105.59
83130,Mozambique,PMO - US,From RDC,N/A - From RDC,Air,6-Jun-13,11-Jun-13,ARV,Adult,SCMS from RDC,SKU0026,"Efavirenz 600mg, tablets, 30 Tabs",Generic,30,43563,145064.79,3.33,0.11,"Aurobindo Unit VII, IN",4122,28602.94,179.45
83131,Zimbabwe,PMO - US,From RDC,N/A - From RDC,Truck,30-Apr-13,29-Apr-13,ARV,Adult,SCMS from RDC,SKU0007,"Nevirapine 200mg, tablets, 60 Tabs",Generic,60,4136,9347.36,2.26,0.04,"Aurobindo Unit III, India",394,8600,11.56
83132,Dominican Republic,PMO - US,From RDC,N/A - From RDC,Air,24-Apr-13,21-May-13,ARV,Adult,SCMS from RDC,SKU0007,"Nevirapine 200mg, tablets, 60 Tabs",Generic,60,3200,7232,2.26,0.04,Hetero Unit III Hyderabad IN,1230,8281.7,8.95
83133,Burundi,PMO - US,From RDC,N/A - From RDC,Air,31-May-13,23-May-13,ARV,Adult,SCMS from RDC,SKU0011,"Lamivudine/Zidovudine 150/300mg, tablets, 60 Tabs",Generic,60,2940,21373.8,7.27,0.12,Hetero Unit III Hyderabad IN,See DN-3118 (ID#:82569),See DN-3118 (ID#:82569),26.44
83134,Uganda,PMO - US,From RDC,N/A - From RDC,Air,30-Apr-13,9-May-13,ARV,Adult,SCMS from RDC,SKU0007,"Nevirapine 200mg, tablets, 60 Tabs",Generic,60,11490,25967.4,2.26,0.04,Hetero Unit III Hyderabad IN,722,3483.79,32.12
83137,Nigeria,PMO - US,From RDC,N/A - From RDC,Air Charter,21-May-13,3-May-13,ARV,Adult,SCMS from RDC,SKU0011,"Lamivudine/Zidovudine 150/300mg, tablets, 60 Tabs",Generic,60,75000,525000,7,0.12,"Aurobindo Unit III, India",7515,14547.55,649.42
83138,Mozambique,PMO - US,From RDC,N/A - From RDC,Truck,30-Aug-13,31-Jul-13,ARV,Adult,SCMS from RDC,SKU0162,"Abacavir/Lamivudine 600/300mg, scored tablets, 30 Tabs",Generic,30,3400,47464,13.96,0.47,Mylan (formerly Matrix) Nashik,315,1981.6,58.71
83139,Uganda,PMO - US,From RDC,N/A - From RDC,Air,20-Jun-13,22-May-13,ARV,Adult,SCMS from RDC,SKU0113,"Efavirenz/Lamivudine/Tenofovir Disoproxil Fumarate 600/300/300mg, tablets, 30 Tabs",Generic,30,238606,2510135.12,10.52,0.35,Hetero Unit III Hyderabad IN,31473,24816.73,3105.04
83140,Uganda,PMO - US,From RDC,N/A - From RDC,Truck,28-Jun-13,7-Jun-13,ARV,Adult,SCMS from RDC,SKU0011,"Lamivudine/Zidovudine 150/300mg, tablets, 60 Tabs",Generic,60,18547,129829,7,0.12,Hetero Unit III Hyderabad IN,See DN-3153 (ID#:82575),See DN-3153 (ID#:82575),160.6
83141,Nigeria,PMO - US,From RDC,N/A - From RDC,Air Charter,4-Sep-13,10-May-13,ARV,Pediatric,SCMS from RDC,SKU0138,"Abacavir/Lamivudine 60/30mg, tablets, 60 Tabs",Generic,60,955,4393,4.6,0.08,"Aurobindo Unit III, India",104,20666.07,5.43
83145,Uganda,PMO - US,From RDC,N/A - From RDC,Truck,30-Jul-13,9-Aug-13,ARV,Adult,SCMS from RDC,SKU0107,"Lamivudine/Tenofovir Disoproxil Fumarate 300/300mg, tablets, 30 Tabs",Generic,30,26112,122726.4,4.7,0.16,"Aurobindo Unit VII, IN",2444,8800.81,151.81
83146,Tanzania,PMO - US,From RDC,N/A - From RDC,Truck,25-Sep-13,23-Sep-13,ARV,Adult,SCMS from RDC,SKU0054,"Lamivudine/Nevirapine/Zidovudine 150/200/300mg, tablets, 60 Tabs",Generic,60,73690,632260.2,8.58,0.14,"Cipla, Goa, India",9886,44300.9,782.11
83147,Nigeria,PMO - US,From RDC,N/A - From RDC,Air Charter,4-Sep-13,23-Jul-13,ARV,Pediatric,SCMS from RDC,SKU0138,"Abacavir/Lamivudine 60/30mg, tablets, 60 Tabs",Generic,60,9377,37508,4,0.07,Mylan (formerly Matrix) Nashik,485,Freight Included in Commodity Cost,46.4
83148,Burundi,PMO - US,From RDC,N/A - From RDC,Air,24-Aug-13,26-Aug-13,ARV,Adult,SCMS from RDC,SKU0135,"Lopinavir/Ritonavir 200/50mg, tablets, 120 Tabs",Generic,120,213,4639.14,21.78,0.18,"Aurobindo Unit III, India",928,4323.44,5.74
83149,Uganda,PMO - US,From RDC,N/A - From RDC,Air,6-Aug-13,20-Aug-13,ARV,Adult,SCMS from RDC,SKU0011,"Lamivudine/Zidovudine 150/300mg, tablets, 60 Tabs",Generic,60,54728,383096,7,0.12,"Aurobindo Unit III, India",14143,100654.61,473.89
83150,Uganda,PMO - US,From RDC,N/A - From RDC,Air,27-Sep-13,27-Sep-13,ARV,Adult,SCMS from RDC,SKU0107,"Lamivudine/Tenofovir Disoproxil Fumarate 300/300mg, tablets, 30 Tabs",Generic,30,34385,161609.5,4.7,0.16,Hetero Unit III Hyderabad IN,11594,85414.3,199.91
83154,Uganda,PMO - US,From RDC,N/A - From RDC,Truck,30-Aug-13,30-Aug-13,ARV,Pediatric,SCMS from RDC,SKU0142,"Efavirenz 200mg, scored tablets, 90 Tabs",Generic,90,338,2467.4,7.3,0.08,"Strides, Bangalore, India.",25,759.79,3.05
83155,Tanzania,PMO - US,From RDC,N/A - From RDC,Truck,15-Oct-13,10-Sep-13,ARV,Adult,SCMS from RDC,SKU0105,"Emtricitabine/Tenofovir Disoproxil Fumarate 200/300mg, tablets, 30 Tabs",Generic,30,26000,152620,5.87,0.2,Mylan (formerly Matrix) Nashik,3888,8057.19,188.79
83156,Uganda,PMO - US,From RDC,N/A - From RDC,Truck,12-Sep-13,16-Oct-13,ARV,Adult,SCMS from RDC,SKU0107,"Lamivudine/Tenofovir Disoproxil Fumarate 300/300mg, tablets, 30 Tabs",Generic,30,4403,20694.1,4.7,0.16,"Aurobindo Unit VII, IN",703,4234.12,25.6
83157,Tanzania,PMO - US,From RDC,N/A - From RDC,Truck,16-Oct-13,27-Sep-13,ARV,Adult,SCMS from RDC,SKU0132,"Efavirenz/Emtricitabine/Tenofovir Disoproxil Fumarate 600/200/300mg, tablets, 30 Tabs",Generic,30,67426,829339.8,12.3,0.41,"Aurobindo Unit VII, IN",7596,3567.19,1025.89
83158,Mozambique,PMO - US,From RDC,N/A - From RDC,Truck,30-Sep-13,12-Oct-13,ARV,Adult,SCMS from RDC,SKU0029,"Tenofovir Disoproxil Fumarate 300mg, tablets, 30 Tabs",Generic,30,1000,4040,4.04,0.13,Mylan (formerly Matrix) Nashik,63,569,5
83159,Cameroon,PMO - US,From RDC,N/A - From RDC,Air,2-Oct-13,2-Oct-13,ARV,Adult,SCMS from RDC,SKU0011,"Lamivudine/Zidovudine 150/300mg, tablets, 60 Tabs",Generic,60,16837,117859,7,0.12,Mylan (formerly Matrix) Nashik,1353,13924.23,145.79
83160,Tanzania,PMO - US,From RDC,N/A - From RDC,Truck,31-Oct-13,27-Sep-13,ARV,Pediatric,SCMS from RDC,SKU0131,"Lamivudine/Zidovudine 30/60mg, tablets, 60 Tabs",Generic,60,25836,55547.4,2.15,0.04,Mylan (formerly Matrix) Nashik,5467,3567.2,68.71
83161,Nigeria,PMO - US,From RDC,N/A - From RDC,Air Charter,20-Sep-13,12-Sep-13,ARV,Adult,SCMS from RDC,SKU0054,"Lamivudine/Nevirapine/Zidovudine 150/200/300mg, tablets, 60 Tabs",Generic,60,251047,2153983.26,8.58,0.14,Mylan (formerly Matrix) Nashik,36448,34218.36,2664.48
83162,Côte d'Ivoire,PMO - US,From RDC,N/A - From RDC,Truck,30-Sep-13,20-Sep-13,ARV,Adult,SCMS from RDC,SKU0011,"Lamivudine/Zidovudine 150/300mg, tablets, 60 Tabs",Generic,60,3922,28512.94,7.27,0.12,Hetero Unit III Hyderabad IN,See DN-3329 (ID#:82602),See DN-3329 (ID#:82602),35.27
83163,Mozambique,PMO - US,From RDC,N/A - From RDC,Truck,31-Oct-13,31-Oct-13,ARV,Adult,SCMS from RDC,SKU0113,"Efavirenz/Lamivudine/Tenofovir Disoproxil Fumarate 600/300/300mg, tablets, 30 Tabs",Generic,30,15246,169992.9,11.15,0.37,Mylan (formerly Matrix) Nashik,Weight Captured Separately,5902.4,210.28
83164,Rwanda,PMO - US,From RDC,N/A - From RDC,Truck,4-Oct-13,15-Oct-13,ARV,Adult,SCMS from RDC,SKU0007,"Nevirapine 200mg, tablets, 60 Tabs",Generic,60,41250,93225,2.26,0.04,"Strides, Bangalore, India.",2295,4390.98,115.32
83165,Mozambique,PMO - US,From RDC,N/A - From RDC,Truck,15-Nov-13,8-Oct-13,ARV,Adult,SCMS from RDC,SKU0113,"Efavirenz/Lamivudine/Tenofovir Disoproxil Fumarate 600/300/300mg, tablets, 30 Tabs",Generic,30,16584,184911.6,11.15,0.37,Mylan (formerly Matrix) Nashik,3132,7700,228.74
83172,Zambia,PMO - US,From RDC,N/A - From RDC,Truck,29-Nov-13,29-Nov-13,ARV,Adult,SCMS from RDC,SKU0007,"Nevirapine 200mg, tablets, 60 Tabs",Generic,60,180892,408815.92,2.26,0.04,Hetero Unit III Hyderabad IN,6502,34400.04,505.71
83173,Zambia,PMO - US,From RDC,N/A - From RDC,Truck,29-Nov-13,29-Nov-13,ARV,Adult,SCMS from RDC,SKU0007,"Nevirapine 200mg, tablets, 60 Tabs",Generic,60,80000,180800,2.26,0.04,"Aurobindo Unit III, India",See DN-3361 (ID#:83172),See DN-3361 (ID#:83172),223.65
83174,Côte d'Ivoire,PMO - US,From RDC,N/A - From RDC,Truck,31-Oct-13,22-Oct-13,ARV,Adult,SCMS from RDC,SKU0008,"Lopinavir/Ritonavir 200/50mg [Aluvia], tablets, 120 Tabs",Aluvia,120,15119,305706.18,20.22,0.17,ABBVIE Ludwigshafen Germany,7541,27875.36,378.16
83175,Mozambique,PMO - US,From RDC,N/A - From RDC,Truck,29-Nov-13,28-Nov-13,ARV,Adult,SCMS from RDC,SKU0054,"Lamivudine/Nevirapine/Zidovudine 150/200/300mg, tablets, 60 Tabs",Generic,60,38976,334414.08,8.58,0.14,Hetero Unit III Hyderabad IN,7482,5846.08,413.67
83176,Burundi,PMO - US,From RDC,N/A - From RDC,Air,15-Nov-13,22-Nov-13,ARV,Adult,SCMS from RDC,SKU0107,"Lamivudine/Tenofovir Disoproxil Fumarate 300/300mg, tablets, 30 Tabs",Generic,30,1920,9024,4.7,0.16,Mylan (formerly Matrix) Nashik,160,1527.29,11.16
83177,Burundi,PMO - US,From RDC,N/A - From RDC,Air,22-Nov-13,5-Dec-13,ARV,Adult,SCMS from RDC,SKU0135,"Lopinavir/Ritonavir 200/50mg, tablets, 120 Tabs",Generic,120,392,8232,21,0.18,Mylan (formerly Matrix) Nashik,105,1456.4,10.18
83178,Uganda,PMO - US,From RDC,N/A - From RDC,Truck,15-Nov-13,22-Nov-13,ARV,Adult,SCMS from RDC,SKU0008,"Lopinavir/Ritonavir 200/50mg [Aluvia], tablets, 120 Tabs",Aluvia,120,8760,177127.2,20.22,0.17,ABBVIE Ludwigshafen Germany,1798,5856.65,219.11
83180,Tanzania,PMO - US,From RDC,N/A - From RDC,Truck,26-Dec-13,16-Dec-13,ARV,Adult,SCMS from RDC,SKU0007,"Nevirapine 200mg, tablets, 60 Tabs",Generic,60,31144,70385.44,2.26,0.04,Hetero Unit III Hyderabad IN,10109,7134.39,87.07
83181,Zimbabwe,PMO - US,From RDC,N/A - From RDC,Truck,30-Nov-13,25-Nov-13,ARV,Adult,SCMS from RDC,SKU0007,"Nevirapine 200mg, tablets, 60 Tabs",Generic,60,51520,119011.2,2.31,0.04,"Cipla, Goa, India",19991,10942.88,147.22
83182,Côte d'Ivoire,PMO - US,From RDC,N/A - From RDC,Air,16-Dec-13,2-Dec-13,ARV,Pediatric,SCMS from RDC,SKU0117,"Zidovudine 10mg/ml, oral solution w/syringe, Bottle, 240 ml",Generic,240,2133,4479.3,2.1,0.01,"Aurobindo Unit III, India",1784,4017.69,5.54
83183,Côte d'Ivoire,PMO - US,From RDC,N/A - From RDC,Truck,28-Nov-13,2-Dec-13,ARV,Adult,SCMS from RDC,SKU0003,"Lamivudine 150mg, tablets, 60 Tabs",Generic,60,1700,3791,2.23,0.04,"Strides, Bangalore, India.",75,1556.99,4.69
83184,Rwanda,PMO - US,From RDC,N/A - From RDC,Truck,31-Jan-14,23-Dec-13,ARV,Adult,SCMS from RDC,SKU0007,"Nevirapine 200mg, tablets, 60 Tabs",Generic,60,20124,45480.24,2.26,0.04,"Aurobindo Unit III, India",See DN-3421 (ID#:82617),See DN-3421 (ID#:82617),56.26
83185,Guyana,PMO - US,From RDC,N/A - From RDC,Air,31-Dec-13,2-Dec-13,ARV,Adult,SCMS from RDC,SKU0003,"Lamivudine 150mg, tablets, 60 Tabs",Generic,60,161,359.03,2.23,0.04,"Strides, Bangalore, India.",See DN-3425 (ID#:82618),See DN-3425 (ID#:82618),0.44
83186,Mozambique,PMO - US,From RDC,N/A - From RDC,Truck,29-Nov-13,30-Jan-14,ARV,Adult,SCMS from RDC,SKU0058,"Abacavir 300mg, tablets, 60 Tabs",Generic,60,1440,16502.4,11.46,0.19,"Aurobindo Unit III, India",4395,5816.47,20.41
83187,Mozambique,PMO - US,From RDC,N/A - From RDC,Truck,29-Nov-13,30-Jan-14,ARV,Adult,SCMS from RDC,SKU0058,"Abacavir 300mg, tablets, 60 Tabs",Generic,60,6275,71911.5,11.46,0.19,Mylan (formerly Matrix) Nashik,See DN-3428 (ID#:83186),See DN-3428 (ID#:83186),88.95
83188,Nigeria,PMO - US,From RDC,N/A - From RDC,Air Charter,18-Nov-13,26-Nov-13,ARV,Adult,SCMS from RDC,SKU0054,"Lamivudine/Nevirapine/Zidovudine 150/200/300mg, tablets, 60 Tabs",Generic,60,150000,1287000,8.58,0.14,"Cipla, Goa, India",22942,26340,1592.02
83189,Nigeria,PMO - US,From RDC,N/A - From RDC,Air Charter,18-Nov-13,26-Nov-13,ARV,Adult,SCMS from RDC,SKU0054,"Lamivudine/Nevirapine/Zidovudine 150/200/300mg, tablets, 60 Tabs",Generic,60,961,8245.38,8.58,0.14,"Aurobindo Unit III, India",See DN-3437 (ID#:83188),See DN-3437 (ID#:83188),10.2
83190,Nigeria,PMO - US,From RDC,N/A - From RDC,Air Charter,18-Nov-13,26-Nov-13,ARV,Adult,SCMS from RDC,SKU0113,"Efavirenz/Lamivudine/Tenofovir Disoproxil Fumarate 600/300/300mg, tablets, 30 Tabs",Generic,30,200000,2230000,11.15,0.37,Hetero Unit III Hyderabad IN,28992,26340,2758.51
83193,Zambia,PMO - US,From RDC,N/A - From RDC,Truck,25-Mar-14,25-Mar-14,ARV,Pediatric,SCMS from RDC,SKU0140,"Lamivudine/Nevirapine/Zidovudine 30/50/60mg, dispersible tablets, 60 Tabs",Generic,60,37979,147738.31,3.89,0.06,"Strides, Bangalore, India.",1628,3526.69,182.75
83194,Tanzania,PMO - US,From RDC,N/A - From RDC,Truck,31-Jan-14,20-Jan-14,ARV,Adult,SCMS from RDC,SKU0113,"Efavirenz/Lamivudine/Tenofovir Disoproxil Fumarate 600/300/300mg, tablets, 30 Tabs",Generic,30,68762,766696.3,11.15,0.37,Mylan (formerly Matrix) Nashik,8456,7134.39,948.4
83195,Zimbabwe,PMO - US,From RDC,N/A - From RDC,Truck,31-Jan-14,13-Jan-14,ARV,Pediatric,SCMS from RDC,SKU0145,"Abacavir 20mg/ml, oral solution w/syringe, Bottle, 240 ml",Generic,240,194,1650.94,8.51,0.04,"Aurobindo Unit III, India",See DN-3457 (ID#:82626),See DN-3457 (ID#:82626),2.04
83196,Tanzania,PMO - US,From RDC,N/A - From RDC,Truck,31-Dec-13,25-Feb-14,ARV,Adult,SCMS from RDC,SKU0105,"Emtricitabine/Tenofovir Disoproxil Fumarate 200/300mg, tablets, 30 Tabs",Generic,30,2178,12784.86,5.87,0.2,"Aurobindo Unit III, India",2304,5989.25,15.81
83198,Nigeria,PMO - US,From RDC,N/A - From RDC,Air Charter,17-Jan-14,10-Jan-14,ARV,Adult,SCMS from RDC,SKU0054,"Lamivudine/Nevirapine/Zidovudine 150/200/300mg, tablets, 60 Tabs",Generic,60,100000,858000,8.58,0.14,"Cipla, Goa, India",38992,49199.75,1061.35
83199,Rwanda,PMO - US,From RDC,N/A - From RDC,Truck,31-Jan-14,22-Jan-14,ARV,Adult,SCMS from RDC,SKU0007,"Nevirapine 200mg, tablets, 60 Tabs",Generic,60,64000,144640,2.26,0.04,"Strides, Bangalore, India.",3887,21032.82,178.92
83200,Uganda,PMO - US,From RDC,N/A - From RDC,Truck,28-Feb-14,30-Jan-14,ARV,Pediatric,SCMS from RDC,SKU0146,"Nevirapine 10mg/ml, oral suspension w/syringe, Bottle, 100 ml",Generic,100,15000,19500,1.3,0.01,"Aurobindo Unit III, India",2978,5458.46,20.05
83205,Uganda,PMO - US,From RDC,N/A - From RDC,Air,31-Jan-14,17-Feb-14,ARV,Pediatric,SCMS from RDC,SKU0138,"Abacavir/Lamivudine 60/30mg, tablets, 60 Tabs",Generic,60,1446,5784,4,0.07,"Aurobindo Unit III, India",68,790.29,7.15
83206,Mozambique,PMO - US,From RDC,N/A - From RDC,Truck,31-Jan-14,20-Feb-14,ARV,Adult,SCMS from RDC,SKU0044,"Lamivudine/Nevirapine/Stavudine 150/200/30mg, tablets, 60 Tabs",Generic,60,47205,203925.6,4.32,0.07,Hetero Unit III Hyderabad IN,See DN-3525 (ID#:82648),See DN-3525 (ID#:82648),252.26
83207,Uganda,PMO - US,From RDC,N/A - From RDC,Truck,28-Feb-14,7-Mar-14,ARV,Adult,SCMS from RDC,SKU0107,"Lamivudine/Tenofovir Disoproxil Fumarate 300/300mg, tablets, 30 Tabs",Generic,30,40800,191760,4.7,0.16,Hetero Unit III Hyderabad IN,4187,16821.66,237.21
83208,Nigeria,PMO - US,From RDC,N/A - From RDC,Air Charter,7-Mar-14,10-Feb-14,ARV,Pediatric,SCMS from RDC,SKU0138,"Abacavir/Lamivudine 60/30mg, tablets, 60 Tabs",Generic,60,5985,23940,4,0.07,"Aurobindo Unit III, India",576,30936.1,29.61
83209,Côte d'Ivoire,PMO - US,From RDC,N/A - From RDC,Air,28-Feb-14,18-Feb-14,ARV,Pediatric,SCMS from RDC,SKU0140,"Lamivudine/Nevirapine/Zidovudine 30/50/60mg, dispersible tablets, 60 Tabs",Generic,60,10500,39375,3.75,0.06,"Strides, Bangalore, India.",574,4063.81,48.71
83210,Zimbabwe,PMO - US,From RDC,N/A - From RDC,Truck,31-Mar-14,11-Feb-14,ARV,Pediatric,SCMS from RDC,SKU0142,"Efavirenz 200mg, scored tablets, 90 Tabs",Generic,90,266,2473.8,9.3,0.1,"Strides, Bangalore, India.",17,1200,3.06
83212,"Congo, DRC",PMO - US,From RDC,N/A - From RDC,Air,30-May-14,19-May-14,ARV,Pediatric,SCMS from RDC,SKU0140,"Lamivudine/Nevirapine/Zidovudine 30/50/60mg, dispersible tablets, 60 Tabs",Generic,60,1850,6937.5,3.75,0.06,"Strides, Bangalore, India.",See DN-3561 (ID#:82654),See DN-3561 (ID#:82654),7.13
83213,"Congo, DRC",PMO - US,From RDC,N/A - From RDC,Air,30-May-14,19-May-14,ARV,Adult,SCMS from RDC,SKU0029,"Tenofovir Disoproxil Fumarate 300mg, tablets, 30 Tabs",Generic,30,1240,5009.6,4.04,0.13,Mylan (formerly Matrix) Nashik,See DN-3561 (ID#:82654),See DN-3561 (ID#:82654),5.15
83216,Ghana,PMO - US,From RDC,N/A - From RDC,Truck,20-Mar-14,14-Mar-14,ARV,Adult,SCMS from RDC,SKU0011,"Lamivudine/Zidovudine 150/300mg, tablets, 60 Tabs",Generic,60,23000,154790,6.73,0.11,Mylan (formerly Matrix) Nashik,8701,3975.7,159.12
83217,Rwanda,PMO - US,From RDC,N/A - From RDC,Truck,28-Mar-14,2-Apr-14,ARV,Adult,SCMS from RDC,SKU0113,"Efavirenz/Lamivudine/Tenofovir Disoproxil Fumarate 600/300/300mg, tablets, 30 Tabs",Generic,30,50000,543500,10.87,0.36,"Aurobindo Unit VII, IN",22442,12995.06,672.31
83218,Rwanda,PMO - US,From RDC,N/A - From RDC,Truck,28-Mar-14,2-Apr-14,ARV,Adult,SCMS from RDC,SKU0107,"Lamivudine/Tenofovir Disoproxil Fumarate 300/300mg, tablets, 30 Tabs",Generic,30,68517,322029.9,4.7,0.16,"Aurobindo Unit VII, IN",See DN-3579 (ID#:83217),See DN-3579 (ID#:83217),398.35
83219,South Sudan,PMO - US,From RDC,N/A - From RDC,Air,31-Mar-14,21-Mar-14,ARV,Adult,SCMS from RDC,SKU0107,"Lamivudine/Tenofovir Disoproxil Fumarate 300/300mg, tablets, 30 Tabs",Generic,30,1447,6800.9,4.7,0.16,"Aurobindo Unit VII, IN",592,6169,6.99
83220,South Sudan,PMO - US,From RDC,N/A - From RDC,Air,31-Mar-14,21-Mar-14,ARV,Adult,SCMS from RDC,SKU0113,"Efavirenz/Lamivudine/Tenofovir Disoproxil Fumarate 600/300/300mg, tablets, 30 Tabs",Generic,30,1278,13891.86,10.87,0.36,Mylan (formerly Matrix) Nashik,See DN-3581 (ID#:83219),See DN-3581 (ID#:83219),14.28
83221,South Sudan,PMO - US,From RDC,N/A - From RDC,Air,31-Mar-14,21-Mar-14,ARV,Pediatric,SCMS from RDC,SKU0140,"Lamivudine/Nevirapine/Zidovudine 30/50/60mg, dispersible tablets, 60 Tabs",Generic,60,549,2058.75,3.75,0.06,Mylan (formerly Matrix) Nashik,See DN-3581 (ID#:83219),See DN-3581 (ID#:83219),2.12
83222,Guyana,PMO - US,From RDC,N/A - From RDC,Air,5-Apr-14,16-Apr-14,ARV,Adult,SCMS from RDC,SKU0105,"Emtricitabine/Tenofovir Disoproxil Fumarate 200/300mg, tablets, 30 Tabs",Generic,30,2881,16911.47,5.87,0.2,"Aurobindo Unit III, India",274,4268.06,17.38
83223,Guyana,PMO - US,From RDC,N/A - From RDC,Air,31-Mar-14,3-Apr-14,ARV,Pediatric,SCMS from RDC,SKU0130,"Lamivudine 10mg/ml, oral solution w/syringe, Bottle, 240 ml",Generic,240,118,171.1,1.45,0.01,"Aurobindo Unit III, India",552,7317.96,0.18
83224,Haiti,PMO - US,From RDC,N/A - From RDC,Air,30-Mar-14,24-Mar-14,ARV,Adult,SCMS from RDC,SKU0029,"Tenofovir Disoproxil Fumarate 300mg, tablets, 30 Tabs",Generic,30,60,242.4,4.04,0.13,Mylan (formerly Matrix) Nashik,6528,63922.3,0.25
83225,Zimbabwe,PMO - US,From RDC,N/A - From RDC,Truck,6-May-14,21-Mar-14,ARV,Adult,SCMS from RDC,SKU0113,"Efavirenz/Lamivudine/Tenofovir Disoproxil Fumarate 600/300/300mg, tablets, 30 Tabs",Generic,30,8977,100093.55,11.15,0.37,"Aurobindo Unit VII, IN",65471,64802.96,123.82
83226,Zimbabwe,PMO - US,From RDC,N/A - From RDC,Truck,6-May-14,21-Mar-14,ARV,Adult,SCMS from RDC,SKU0113,"Efavirenz/Lamivudine/Tenofovir Disoproxil Fumarate 600/300/300mg, tablets, 30 Tabs",Generic,30,360000,4014000,11.15,0.37,Hetero Unit III Hyderabad IN,See DN-3588 (ID#:83225),See DN-3588 (ID#:83225),4965.32
83227,Tanzania,PMO - US,From RDC,N/A - From RDC,Truck,8-Apr-14,8-Apr-14,ARV,Pediatric,SCMS from RDC,SKU0140,"Lamivudine/Nevirapine/Zidovudine 30/50/60mg, dispersible tablets, 60 Tabs",Generic,60,102980,386175,3.75,0.06,Mylan (formerly Matrix) Nashik,5687,6010.2,477.7
83228,Uganda,PMO - US,From RDC,N/A - From RDC,Truck,4-Jul-14,15-Jul-14,ARV,Adult,SCMS from RDC,SKU0113,"Efavirenz/Lamivudine/Tenofovir Disoproxil Fumarate 600/300/300mg, tablets, 30 Tabs",Generic,30,30874,344245.1,11.15,0.37,Hetero Unit III Hyderabad IN,4133,24362.92,353.88
83229,Rwanda,PMO - US,From RDC,N/A - From RDC,Truck,20-May-14,4-Mar-14,ARV,Pediatric,SCMS from RDC,SKU0126,"Nevirapine 10mg/ml, oral suspension w/syringe, Bottle, 240 ml",Generic,240,2216,4121.76,1.86,0.01,"Aurobindo Unit III, India",1412,4609.68,4.24
83230,Côte d'Ivoire,PMO - US,From RDC,N/A - From RDC,Truck,18-Mar-14,10-Mar-14,ARV,Pediatric,SCMS from RDC,SKU0130,"Lamivudine 10mg/ml, oral solution w/syringe, Bottle, 240 ml",Generic,240,8000,11440,1.43,0.01,"Aurobindo Unit III, India",2933,11961.04,11.76
83231,Rwanda,PMO - US,From RDC,N/A - From RDC,Truck,6-May-14,6-May-14,ARV,Adult,SCMS from RDC,SKU0007,"Nevirapine 200mg, tablets, 60 Tabs",Generic,60,24436,55225.36,2.26,0.04,"Aurobindo Unit III, India",2342,5445.73,68.31
83481,Zambia,PMO - US,From RDC,N/A - From RDC,Truck,28-Jan-11,11-Feb-11,ARV,Adult,SCMS from RDC,SKU0026,"Efavirenz 600mg, tablets, 30 Tabs",Generic,30,28271,127784.92,4.52,0.15,"Aurobindo Unit III, India",2507,9553.01,275.5
83232,Mozambique,PMO - US,From RDC,N/A - From RDC,Truck,30-Jun-14,3-Jun-14,ARV,Adult,SCMS from RDC,SKU0107,"Lamivudine/Tenofovir Disoproxil Fumarate 300/300mg, tablets, 30 Tabs",Generic,30,3464,16280.8,4.7,0.16,Hetero Unit III Hyderabad IN,359,Freight Included in Commodity Cost,16.74
83233,Zambia,PMO - US,From RDC,N/A - From RDC,Truck,6-May-14,4-Jun-14,ARV,Adult,SCMS from RDC,SKU0135,"Lopinavir/Ritonavir 200/50mg, tablets, 120 Tabs",Generic,120,25482,521871.36,20.48,0.17,"Aurobindo Unit III, India",7140,47532.09,536.48
83234,Mozambique,PMO - US,From RDC,N/A - From RDC,Truck,14-Jun-14,24-Jun-14,ARV,Adult,SCMS from RDC,SKU0113,"Efavirenz/Lamivudine/Tenofovir Disoproxil Fumarate 600/300/300mg, tablets, 30 Tabs",Generic,30,177954,1984187.1,11.15,0.37,Mylan (formerly Matrix) Nashik,88761,55287.91,2039.74
83235,Mozambique,PMO - US,From RDC,N/A - From RDC,Truck,14-Jun-14,24-Jun-14,ARV,Adult,SCMS from RDC,SKU0113,"Efavirenz/Lamivudine/Tenofovir Disoproxil Fumarate 600/300/300mg, tablets, 30 Tabs",Generic,30,263351,2936363.65,11.15,0.37,Mylan (formerly Matrix) Nashik,See DN-3628 (ID#:83234),See DN-3628 (ID#:83234),3018.58
83236,Zambia,PMO - US,From RDC,N/A - From RDC,Truck,10-May-14,19-May-14,ARV,Adult,SCMS from RDC,SKU0007,"Nevirapine 200mg, tablets, 60 Tabs",Generic,60,54470,120378.7,2.21,0.04,Hetero Unit III Hyderabad IN,3360,9527.17,148.91
83237,Côte d'Ivoire,PMO - US,From RDC,N/A - From RDC,Truck,21-Apr-14,1-May-14,ARV,Adult,SCMS from RDC,SKU0054,"Lamivudine/Nevirapine/Zidovudine 150/200/300mg, tablets, 60 Tabs",Generic,60,100000,811000,8.11,0.14,"Strides, Bangalore, India.",12199,46520.17,833.71
83238,Haiti,PMO - US,From RDC,N/A - From RDC,Air,7-May-14,12-Jun-14,ARV,Adult,SCMS from RDC,SKU0011,"Lamivudine/Zidovudine 150/300mg, tablets, 60 Tabs",Generic,60,13626,91702.98,6.73,0.11,Hetero Unit III Hyderabad IN,1216,5698.48,94.27
83239,Nigeria,PMO - US,From RDC,N/A - From RDC,Air Charter,6-May-14,17-Apr-14,ARV,Pediatric,SCMS from RDC,SKU0140,"Lamivudine/Nevirapine/Zidovudine 30/50/60mg, dispersible tablets, 60 Tabs",Generic,60,70000,272300,3.89,0.06,"Strides, Bangalore, India.",3376,29674.91,279.92
83244,Côte d'Ivoire,PMO - US,From RDC,N/A - From RDC,Truck,15-May-14,12-May-14,ARV,Pediatric,SCMS from RDC,SKU0140,"Lamivudine/Nevirapine/Zidovudine 30/50/60mg, dispersible tablets, 60 Tabs",Generic,60,3200,12000,3.75,0.06,Mylan (formerly Matrix) Nashik,166,1137.18,14.84
83245,Côte d'Ivoire,PMO - US,From RDC,N/A - From RDC,Truck,30-May-14,12-May-14,ARV,Adult,SCMS from RDC,SKU0003,"Lamivudine 150mg, tablets, 60 Tabs",Generic,60,1379,2399.46,1.74,0.03,"Aurobindo Unit III, India",157,926.7,2.47
83246,"Congo, DRC",PMO - US,From RDC,N/A - From RDC,Air,30-May-14,15-Aug-14,ARV,Adult,SCMS from RDC,SKU0014,"Zidovudine 300mg, tablets, 60 Tabs",Generic,60,380,2120.4,5.58,0.09,"Aurobindo Unit III, India",21,895.38,2.18
83249,Tanzania,PMO - US,From RDC,N/A - From RDC,Truck,30-Jun-14,24-Jun-14,ARV,Adult,SCMS from RDC,SKU0008,"Lopinavir/Ritonavir 200/50mg [Aluvia], tablets, 120 Tabs",Aluvia,120,10724,202683.6,18.9,0.16,ABBVIE Ludwigshafen Germany,2209,2994.63,250.72
83250,Côte d'Ivoire,PMO - US,From RDC,N/A - From RDC,Truck,16-Jun-14,16-Jun-14,ARV,Pediatric,SCMS from RDC,SKU0130,"Lamivudine 10mg/ml, oral solution w/syringe, Bottle, 240 ml",Generic,240,4243,6067.49,1.43,0.01,"Aurobindo Unit III, India",1485,6819.73,6.24
83254,Zambia,PMO - US,From RDC,N/A - From RDC,Truck,4-Sep-14,23-Sep-14,ARV,Adult,SCMS from RDC,SKU0011,"Lamivudine/Zidovudine 150/300mg, tablets, 60 Tabs",Generic,60,13535,88248.2,6.52,0.11,"Aurobindo Unit III, India",3704,4562.72,90.72
83255,Mozambique,PMO - US,From RDC,N/A - From RDC,Truck,31-Dec-14,30-Oct-14,ARV,Adult,SCMS from RDC,SKU0026,"Efavirenz 600mg, tablets, 30 Tabs",Generic,30,30860,99060.6,3.21,0.11,"Cipla, Goa, India",19965,14767.58,101.83
83256,Mozambique,PMO - US,From RDC,N/A - From RDC,Truck,31-Dec-14,30-Oct-14,ARV,Adult,SCMS from RDC,SKU0113,"Efavirenz/Lamivudine/Tenofovir Disoproxil Fumarate 600/300/300mg, tablets, 30 Tabs",Generic,30,36000,388080,10.78,0.36,Cipla Ltd A-42 MIDC Mahar. IN,See DN-3875 (ID#:83255),See DN-3875 (ID#:83255),398.95
83259,Nigeria,PMO - US,From RDC,N/A - From RDC,Air Charter,30-Jun-14,20-Jun-14,ARV,Adult,SCMS from RDC,SKU0011,"Lamivudine/Zidovudine 150/300mg, tablets, 60 Tabs",Generic,60,29796,194269.92,6.52,0.11,Mylan (formerly Matrix) Nashik,5862,28812.57,199.71
83260,Côte d'Ivoire,PMO - US,From RDC,N/A - From RDC,Truck,28-Nov-14,9-Jul-14,ARV,Adult,SCMS from RDC,SKU0113,"Efavirenz/Lamivudine/Tenofovir Disoproxil Fumarate 600/300/300mg, tablets, 30 Tabs",Generic,30,47116,507910.48,10.78,0.36,Hetero Unit III Hyderabad IN,7295,28669.4,522.13
83262,Côte d'Ivoire,PMO - US,From RDC,N/A - From RDC,Truck,28-Nov-14,9-Jul-14,ARV,Adult,SCMS from RDC,SKU0107,"Lamivudine/Tenofovir Disoproxil Fumarate 300/300mg, tablets, 30 Tabs",Generic,30,10000,46300,4.63,0.15,Hetero Unit III Hyderabad IN,See DN-3803 (ID#:83260),See DN-3803 (ID#:83260),47.6
83263,Tanzania,PMO - US,From RDC,N/A - From RDC,Truck,29-Aug-14,27-Aug-14,ARV,Pediatric,SCMS from RDC,SKU0131,"Lamivudine/Zidovudine 30/60mg, tablets, 60 Tabs",Generic,60,15639,31121.61,1.99,0.03,Mylan (formerly Matrix) Nashik,590,5399.25,38.5
83264,Zimbabwe,PMO - US,From RDC,N/A - From RDC,Truck,30-Sep-14,29-Jun-14,ARV,Adult,SCMS from RDC,SKU0007,"Nevirapine 200mg, tablets, 60 Tabs",Generic,60,120000,261600,2.18,0.04,"Cipla, Goa, India",See DN-3825 (ID#:82702),See DN-3825 (ID#:82702),268.92
83266,"Congo, DRC",PMO - US,From RDC,N/A - From RDC,Air,13-Aug-14,24-Sep-14,ARV,Pediatric,SCMS from RDC,SKU0142,"Efavirenz 200mg, scored tablets, 90 Tabs",Generic,90,710,6603,9.3,0.1,"Strides, Bangalore, India.",See DN-3843 (ID#:82707),See DN-3843 (ID#:82707),6.79
83267,Mozambique,PMO - US,From RDC,N/A - From RDC,Truck,29-Aug-14,5-Nov-14,ARV,Adult,SCMS from RDC,SKU0058,"Abacavir 300mg, tablets, 60 Tabs",Generic,60,3700,41551,11.23,0.19,Mylan (formerly Matrix) Nashik,See DN-3828 (ID#:82713),See DN-3828 (ID#:82713),42.71
83271,Zambia,PMO - US,From RDC,N/A - From RDC,Truck,6-Aug-14,6-Aug-14,ARV,Adult,SCMS from RDC,SKU0058,"Abacavir 300mg, tablets, 60 Tabs",Generic,60,4636,52664.96,11.36,0.19,"Aurobindo Unit III, India",458,4130.15,54.14
83272,Mozambique,PMO - US,From RDC,N/A - From RDC,Truck,30-Sep-14,27-Oct-14,ARV,Adult,SCMS from RDC,SKU0054,"Lamivudine/Nevirapine/Zidovudine 150/200/300mg, tablets, 60 Tabs",Generic,60,85490,693323.9,8.11,0.14,"Cipla, Goa, India",See DN-3872 (ID#:82726),See DN-3872 (ID#:82726),712.74
83273,Namibia,PMO - US,From RDC,N/A - From RDC,Air,30-Sep-14,2-Sep-14,ARV,Adult,SCMS from RDC,SKU0107,"Lamivudine/Tenofovir Disoproxil Fumarate 300/300mg, tablets, 30 Tabs",Generic,30,45000,208350,4.63,0.15,Hetero Unit III Hyderabad IN,4688,32063.3,214.18
83274,Nigeria,PMO - US,From RDC,N/A - From RDC,Air Charter,30-Sep-14,3-Sep-14,ARV,Adult,SCMS from RDC,SKU0011,"Lamivudine/Zidovudine 150/300mg, tablets, 60 Tabs",Generic,60,194265,1307403.45,6.73,0.11,Hetero Unit III Hyderabad IN,19976,67504,1344.01
83275,Namibia,PMO - US,From RDC,N/A - From RDC,Truck,30-Sep-14,15-Sep-14,ARV,Adult,SCMS from RDC,SKU0026,"Efavirenz 600mg, tablets, 30 Tabs",Generic,30,29369,94274.49,3.21,0.11,"Cipla, Goa, India",See DN-3907 (ID#:82729),See DN-3907 (ID#:82729),96.91
83277,Rwanda,PMO - US,From RDC,N/A - From RDC,Air,31-Oct-14,24-Sep-14,ARV,Pediatric,SCMS from RDC,SKU0140,"Lamivudine/Nevirapine/Zidovudine 30/50/60mg, dispersible tablets, 60 Tabs",Generic,60,2196,8235,3.75,0.06,"Strides, Bangalore, India.",98,993.2,8.47
83278,Tanzania,PMO - US,From RDC,N/A - From RDC,Truck,31-Oct-14,22-Oct-14,ARV,Pediatric,SCMS from RDC,SKU0124,"Lamivudine/Zidovudine 30/60mg, dispersible tablets, 60 Tabs",Generic,60,11688,25129.2,2.15,0.04,"Cipla, Goa, India",1673,5364.61,25.83
83279,Mozambique,PMO - US,From RDC,N/A - From RDC,Truck,31-Oct-14,30-Oct-14,ARV,Adult,SCMS from RDC,SKU0152,"Abacavir/Lamivudine 600/300mg, tablets, 30 Tabs",Generic,30,1934,26147.68,13.52,0.45,"Cipla, Patalganga, India",195,63.07,26.88
83283,Mozambique,PMO - US,From RDC,N/A - From RDC,Truck,31-Dec-14,1-Dec-14,ARV,Adult,SCMS from RDC,SKU0113,"Efavirenz/Lamivudine/Tenofovir Disoproxil Fumarate 600/300/300mg, tablets, 30 Tabs",Generic,30,460041,4959241.98,10.78,0.36,Mylan (formerly Matrix) Nashik,56314,53110.46,5098.1
83284,Guyana,PMO - US,From RDC,N/A - From RDC,Air,31-Dec-14,26-Nov-14,ARV,Adult,SCMS from RDC,SKU0135,"Lopinavir/Ritonavir 200/50mg, tablets, 120 Tabs",Generic,120,1819,35761.54,19.66,0.16,Mylan (formerly Matrix) Nashik,473,6001.52,36.76
83285,Zambia,PMO - US,From RDC,N/A - From RDC,Truck,31-Dec-14,19-Nov-14,ARV,Adult,SCMS from RDC,SKU0014,"Zidovudine 300mg, tablets, 60 Tabs",Generic,60,13709,74439.87,5.43,0.09,"Aurobindo Unit III, India",797,3340.5,76.52
83286,"Congo, DRC",PMO - US,From RDC,N/A - From RDC,Air,14-Apr-15,14-Apr-15,ARV,Adult,SCMS from RDC,SKU0014,"Zidovudine 300mg, tablets, 60 Tabs",Generic,60,1400,7616,5.44,0.09,"Aurobindo Unit III, India",See DN-3954 (ID#:82743),See DN-3954 (ID#:82743),7.83
83287,"Congo, DRC",PMO - US,From RDC,N/A - From RDC,Air,14-Apr-15,14-Apr-15,ARV,Pediatric,SCMS from RDC,SKU0126,"Nevirapine 10mg/ml, oral suspension w/syringe, Bottle, 240 ml",Generic,240,590,890.9,1.51,0.01,"Aurobindo Unit III, India",See DN-3954 (ID#:82743),See DN-3954 (ID#:82743),0.92
83482,Côte d'Ivoire,PMO - US,From RDC,N/A - From RDC,Truck,31-Jan-11,22-Feb-11,ARV,Adult,SCMS from RDC,SKU0003,"Lamivudine 150mg, tablets, 60 Tabs",Generic,60,17320,40355.6,2.33,0.04,"Aurobindo Unit III, India",1721,8758.37,87.01
83288,Uganda,PMO - US,From RDC,N/A - From RDC,Truck,28-Nov-14,3-Dec-14,ARV,Pediatric,SCMS from RDC,SKU0138,"Abacavir/Lamivudine 60/30mg, tablets, 60 Tabs",Generic,60,9308,38069.72,4.09,0.07,Mylan (formerly Matrix) Nashik,See DN-4008 (ID#:82753),See DN-4008 (ID#:82753),39.14
83289,Zambia,PMO - US,From RDC,N/A - From RDC,Truck,30-Jan-15,1-Feb-15,ARV,Adult,SCMS from RDC,SKU0014,"Zidovudine 300mg, tablets, 60 Tabs",Generic,60,5281,29045.5,5.5,0.09,"Aurobindo Unit III, India",312,401.82,29.86
83291,Uganda,PMO - US,From RDC,N/A - From RDC,Truck,16-Feb-15,24-Jan-15,ARV,Adult,SCMS from RDC,SKU0113,"Efavirenz/Lamivudine/Tenofovir Disoproxil Fumarate 600/300/300mg, tablets, 30 Tabs",Generic,30,29247,315282.66,10.78,0.36,"Aurobindo Unit VII, IN",5324,8248.28,324.11
83292,Uganda,PMO - US,From RDC,N/A - From RDC,Truck,16-Feb-15,24-Jan-15,ARV,Pediatric,SCMS from RDC,SKU0138,"Abacavir/Lamivudine 60/30mg, tablets, 60 Tabs",Generic,60,276,1128.84,4.09,0.07,Mylan (formerly Matrix) Nashik,See DN-4041 (ID#:83291),See DN-4041 (ID#:83291),1.16
83293,Rwanda,PMO - US,From RDC,N/A - From RDC,Truck,14-Jan-15,24-Dec-14,ARV,Pediatric,SCMS from RDC,SKU0157,"Abacavir/Lamivudine 60/30mg, dispersible tablets, 60 Tabs",Generic,60,6030,30692.7,5.09,0.08,"Cipla, Patalganga, India",542,4649.71,31.55
83294,Nigeria,PMO - US,From RDC,N/A - From RDC,Air Charter,26-Jan-15,29-Dec-14,ARV,Adult,SCMS from RDC,SKU0152,"Abacavir/Lamivudine 600/300mg, tablets, 30 Tabs",Generic,30,558,7544.16,13.52,0.45,Mylan (formerly Matrix) Nashik,49,181.92,7.76
83295,Mozambique,PMO - US,From RDC,N/A - From RDC,Truck,23-Mar-15,23-Mar-15,ARV,Adult,SCMS from RDC,SKU0044,"Lamivudine/Nevirapine/Stavudine 150/200/30mg, tablets, 60 Tabs",Generic,60,46962,202875.84,4.32,0.07,Hetero Unit III Hyderabad IN,5097,Freight Included in Commodity Cost,208.56
83300,Rwanda,PMO - US,From RDC,N/A - From RDC,Truck,30-Jan-15,9-Feb-15,ARV,Pediatric,SCMS from RDC,SKU0157,"Abacavir/Lamivudine 60/30mg, dispersible tablets, 60 Tabs",Generic,60,1296,6596.64,5.09,0.08,"Cipla, Patalganga, India",See DN-4085 (ID#:82772),See DN-4085 (ID#:82772),6.78
83301,Rwanda,PMO - US,From RDC,N/A - From RDC,Truck,27-Feb-15,28-Feb-15,ARV,Adult,SCMS from RDC,SKU0007,"Nevirapine 200mg, tablets, 60 Tabs",Generic,60,157062,347107.02,2.21,0.04,"Micro labs, Verna, Goa, India",15302,12757,356.83
83302,Côte d'Ivoire,PMO - US,From RDC,N/A - From RDC,Truck,30-Jan-15,12-Mar-15,ARV,Adult,SCMS from RDC,SKU0107,"Lamivudine/Tenofovir Disoproxil Fumarate 300/300mg, tablets, 30 Tabs",Generic,30,20000,92600,4.63,0.15,"Cipla, Kurkumbh, India",2000,8499.16,95.19
83303,Côte d'Ivoire,PMO - US,From RDC,N/A - From RDC,Truck,16-Feb-15,12-Mar-15,ARV,Adult,SCMS from RDC,SKU0107,"Lamivudine/Tenofovir Disoproxil Fumarate 300/300mg, tablets, 30 Tabs",Generic,30,30000,138900,4.63,0.15,"Cipla, Kurkumbh, India",3000,12748.74,142.79
83304,Mozambique,PMO - US,From RDC,N/A - From RDC,Truck,28-Feb-15,13-Mar-15,ARV,Adult,SCMS from RDC,SKU0113,"Efavirenz/Lamivudine/Tenofovir Disoproxil Fumarate 600/300/300mg, tablets, 30 Tabs",Generic,30,15654,152783.04,9.76,0.33,Hetero Unit III Hyderabad IN,112027,79514.44,157.06
83305,Uganda,PMO - US,From RDC,N/A - From RDC,Truck,27-Feb-15,25-Feb-15,ARV,Adult,SCMS from RDC,SKU0008,"Lopinavir/Ritonavir 200/50mg [Aluvia], tablets, 120 Tabs",Aluvia,120,9833,185843.7,18.9,0.16,ABBVIE Ludwigshafen Germany,2033,9482.19,218.74
83306,Mozambique,PMO - US,From RDC,N/A - From RDC,Truck,16-Mar-15,30-Mar-15,ARV,Adult,SCMS from RDC,SKU0011,"Lamivudine/Zidovudine 150/300mg, tablets, 60 Tabs",Generic,60,71377,471088.2,6.6,0.11,Hetero Unit III Hyderabad IN,6842,8689.22,484.28
83308,Rwanda,PMO - US,From RDC,N/A - From RDC,Truck,27-Feb-15,25-Feb-15,ARV,Pediatric,SCMS from RDC,SKU0142,"Efavirenz 200mg, scored tablets, 90 Tabs",Generic,90,2021,18795.3,9.3,0.1,"Strides, Bangalore, India.",132,1142,19.32
83309,Nigeria,PMO - US,From RDC,N/A - From RDC,Air Charter,2-Mar-15,5-Feb-15,ARV,Adult,SCMS from RDC,SKU0107,"Lamivudine/Tenofovir Disoproxil Fumarate 300/300mg, tablets, 30 Tabs",Generic,30,95597,443570.08,4.64,0.15,"Cipla, Kurkumbh, India",10656,20992.67,455.99
83310,Nigeria,PMO - US,From RDC,N/A - From RDC,Air Charter,28-Feb-15,5-Feb-15,ARV,Adult,SCMS from RDC,SKU0054,"Lamivudine/Nevirapine/Zidovudine 150/200/300mg, tablets, 60 Tabs",Generic,60,20000,154400,7.72,0.13,Hetero Unit III Hyderabad IN,2924,5668.63,158.72
83316,Zimbabwe,PMO - US,From RDC,N/A - From RDC,Truck,31-Mar-15,17-Mar-15,ARV,Pediatric,SCMS from RDC,SKU0138,"Abacavir/Lamivudine 60/30mg, tablets, 60 Tabs",Generic,60,19996,78984.2,3.95,0.07,Mylan (formerly Matrix) Nashik,1119,1417.12,81.2
83318,Zimbabwe,PMO - US,From RDC,N/A - From RDC,Truck,31-Mar-15,17-Mar-15,ARV,Pediatric,SCMS from RDC,SKU0124,"Lamivudine/Zidovudine 30/60mg, dispersible tablets, 60 Tabs",Generic,60,12080,23556,1.95,0.03,"Mylan,  H-12 & H-13, India",10314,12867.46,24.22
83322,Rwanda,PMO - US,From RDC,N/A - From RDC,Truck,30-Apr-15,27-Mar-15,ARV,Pediatric,SCMS from RDC,SKU0071,"Abacavir 20mg/ml, oral solution, Bottle, 240 ml",Generic,240,503,3435.49,6.83,0.03,"Aurobindo Unit III, India",Weight Captured Separately,Invoiced Separately,3.53
83324,"Congo, DRC",PMO - US,From RDC,N/A - From RDC,Air,6-May-15,6-Jul-15,ARV,Pediatric,SCMS from RDC,SKU0117,"Zidovudine 10mg/ml, oral solution w/syringe, Bottle, 240 ml",Generic,240,10,19.9,1.99,0.01,"Aurobindo Unit III, India",71,1334.92,0.02
83326,Uganda,PMO - US,From RDC,N/A - From RDC,Truck,15-Jun-15,14-May-15,ARV,Pediatric,SCMS from RDC,SKU0124,"Lamivudine/Zidovudine 30/60mg, dispersible tablets, 60 Tabs",Generic,60,7559,14513.28,1.92,0.03,"Cipla, Goa, India",21710,18500.5,17.08
83330,Mozambique,PMO - US,From RDC,N/A - From RDC,Truck,29-May-15,9-Jun-15,ARV,Adult,SCMS from RDC,SKU0011,"Lamivudine/Zidovudine 150/300mg, tablets, 60 Tabs",Generic,60,75535,492488.2,6.52,0.11,Mylan (formerly Matrix) Nashik,6237,5443.53,506.28
83331,Zambia,PMO - US,From RDC,N/A - From RDC,Truck,15-Jun-15,15-May-15,ARV,Adult,SCMS from RDC,SKU0003,"Lamivudine 150mg, tablets, 60 Tabs",Generic,60,55990,97422.6,1.74,0.03,"Strides, Bangalore, India.",See DN-4251 (ID#:82800),See DN-4251 (ID#:82800),100.15
83332,Nigeria,PMO - US,From RDC,N/A - From RDC,Air Charter,30-Jun-15,15-Apr-15,ARV,Adult,SCMS from RDC,SKU0054,"Lamivudine/Nevirapine/Zidovudine 150/200/300mg, tablets, 60 Tabs",Generic,60,4000,30880,7.72,0.13,"Cipla, Goa, India",18750,36027,31.74
83333,Nigeria,PMO - US,From RDC,N/A - From RDC,Air Charter,30-Apr-15,15-Apr-15,ARV,Adult,SCMS from RDC,SKU0054,"Lamivudine/Nevirapine/Zidovudine 150/200/300mg, tablets, 60 Tabs",Generic,60,189393,1462113.96,7.72,0.13,Mylan (formerly Matrix) Nashik,24904,51677,1503.05
83334,Côte d'Ivoire,PMO - US,From RDC,N/A - From RDC,Truck,8-Jun-15,8-Jun-15,ARV,Adult,SCMS from RDC,SKU0135,"Lopinavir/Ritonavir 200/50mg, tablets, 120 Tabs",Generic,120,11169,216231.84,19.36,0.16,"Aurobindo Unit III, India",13107,20816.42,222.29
83335,Uganda,PMO - US,From RDC,N/A - From RDC,Truck,15-Jun-15,4-Jun-15,ARV,Adult,SCMS from RDC,SKU0107,"Lamivudine/Tenofovir Disoproxil Fumarate 300/300mg, tablets, 30 Tabs",Generic,30,41258,190611.96,4.62,0.15,Hetero Unit III Hyderabad IN,4964,6126.12,224.35
83336,Côte d'Ivoire,PMO - US,From RDC,N/A - From RDC,Truck,29-May-15,29-May-15,ARV,Adult,SCMS from RDC,SKU0026,"Efavirenz 600mg, tablets, 30 Tabs",Generic,30,30004,93612.48,3.12,0.1,"Cipla, Goa, India",See DN-4177 (ID#:82804),See DN-4177 (ID#:82804),96.23
83337,Nigeria,PMO - US,From RDC,N/A - From RDC,Air Charter,30-Jun-15,15-May-15,ARV,Adult,SCMS from RDC,SKU0054,"Lamivudine/Nevirapine/Zidovudine 150/200/300mg, tablets, 60 Tabs",Generic,60,140000,1080800,7.72,0.13,"Cipla, Goa, India",42830,79132,1111.06
83338,Nigeria,PMO - US,From RDC,N/A - From RDC,Air Charter,30-Jun-15,15-May-15,ARV,Adult,SCMS from RDC,SKU0014,"Zidovudine 300mg, tablets, 60 Tabs",Generic,60,34000,181220,5.33,0.09,Hetero Unit III Hyderabad IN,2300,5613,186.29
83339,Zambia,PMO - US,From RDC,N/A - From RDC,Truck,30-Jun-15,13-Jul-15,ARV,Adult,SCMS from RDC,SKU0113,"Efavirenz/Lamivudine/Tenofovir Disoproxil Fumarate 600/300/300mg, tablets, 30 Tabs",Generic,30,42812,410995.2,9.6,0.32,Mylan (formerly Matrix) Nashik,4875,23688.4,422.5
83340,Nigeria,PMO - US,From RDC,N/A - From RDC,Air Charter,30-Jun-15,2-Jun-15,ARV,Adult,SCMS from RDC,SKU0054,"Lamivudine/Nevirapine/Zidovudine 150/200/300mg, tablets, 60 Tabs",Generic,60,177285,1368640.2,7.72,0.13,Mylan (formerly Matrix) Nashik,41904,84944.83,1406.96
83341,Nigeria,PMO - US,From RDC,N/A - From RDC,Air Charter,30-Jun-15,2-Jun-15,ARV,Pediatric,SCMS from RDC,SKU0140,"Lamivudine/Nevirapine/Zidovudine 30/50/60mg, dispersible tablets, 60 Tabs",Generic,60,16495,59382,3.6,0.06,"Cipla, Goa, India",1636,5852.71,61.04
83342,South Sudan,PMO - US,From RDC,N/A - From RDC,Air,25-Jun-15,19-Jun-15,ARV,Adult,SCMS from RDC,SKU0054,"Lamivudine/Nevirapine/Zidovudine 150/200/300mg, tablets, 60 Tabs",Generic,60,18600,150846,8.11,0.14,"Cipla, Goa, India",Weight Captured Separately,Invoiced Separately,177.55
83347,Uganda,PMO - US,From RDC,N/A - From RDC,Truck,31-Jul-15,23-Jul-15,ARV,Adult,SCMS from RDC,SKU0054,"Lamivudine/Nevirapine/Zidovudine 150/200/300mg, tablets, 60 Tabs",Generic,60,88392,716859.12,8.11,0.14,"Cipla, Goa, India",See DN-4310 (ID#:82811),See DN-4310 (ID#:82811),843.74
83348,Côte d'Ivoire,PMO - US,From RDC,N/A - From RDC,Truck,31-Jul-15,6-Aug-15,ARV,Adult,SCMS from RDC,SKU0011,"Lamivudine/Zidovudine 150/300mg, tablets, 60 Tabs",Generic,60,48928,319010.56,6.52,0.11,Hetero Unit III Hyderabad IN,See DN-4314 (ID#:82812),See DN-4314 (ID#:82812),375.48
83349,Rwanda,PMO - US,From RDC,N/A - From RDC,Air,18-Aug-15,6-Aug-15,ARV,Adult,SCMS from RDC,SKU0054,"Lamivudine/Nevirapine/Zidovudine 150/200/300mg, tablets, 60 Tabs",Generic,60,1479,11994.69,8.11,0.14,Hetero Unit III Hyderabad IN,Weight Captured Separately,Invoiced Separately,14.12
83368,Nigeria,PMO - US,From RDC,N/A - From RDC,Air Charter,30-Jul-09,4-Aug-09,ARV,Pediatric,SCMS from RDC,SKU0066,"Efavirenz 200mg, capsule, 90 Caps",Generic,90,16,203.68,12.73,0.14,"Aurobindo Unit III, India",See DN-1311 (ID#:82837),See DN-1311 (ID#:82837),0.4
83369,Nigeria,PMO - US,From RDC,N/A - From RDC,Air Charter,30-Jul-09,4-Aug-09,ARV,Adult,SCMS from RDC,SKU0004,"Stavudine 30mg, capsules, 60 Caps",Generic,60,50,73,1.46,0.02,"Aurobindo Unit III, India",See DN-1311 (ID#:82837),See DN-1311 (ID#:82837),0.14
83370,Nigeria,PMO - US,From RDC,N/A - From RDC,Air,31-Aug-09,17-Aug-09,ARV,Adult,SCMS from RDC,SKU0014,"Zidovudine 300mg, tablets, 60 Tabs",Generic,60,28,210.84,7.53,0.13,Hetero Unit III Hyderabad IN,2,675.47,0.41
83371,Nigeria,PMO - US,From RDC,N/A - From RDC,Air Charter,31-Aug-09,4-Aug-09,ARV,Adult,SCMS from RDC,SKU0026,"Efavirenz 600mg, tablets, 30 Tabs",Generic,30,277,1897.45,6.85,0.23,"Aurobindo Unit III, India",54,7445.8,3.72
83372,Nigeria,PMO - US,From RDC,N/A - From RDC,Air Charter,31-Aug-09,4-Aug-09,ARV,Adult,SCMS from RDC,SKU0007,"Nevirapine 200mg, tablets, 60 Tabs",Generic,60,233,675.7,2.9,0.05,"Aurobindo Unit III, India",See DN-1360 (ID#:83371),See DN-1360 (ID#:83371),1.32
83373,Nigeria,PMO - US,From RDC,N/A - From RDC,Air Charter,30-Oct-09,20-Oct-09,ARV,Adult,SCMS from RDC,SKU0011,"Lamivudine/Zidovudine 150/300mg, tablets, 60 Tabs",Generic,60,422,3696.72,8.76,0.15,Mylan (formerly Matrix) Nashik,See DN-1452 (ID#:82272),See DN-1452 (ID#:82272),7.25
83374,Nigeria,PMO - US,From RDC,N/A - From RDC,Air Charter,18-Dec-09,20-Nov-09,ARV,Adult,SCMS from RDC,SKU0026,"Efavirenz 600mg, tablets, 30 Tabs",Generic,30,2666,15409.48,5.78,0.19,"Aurobindo Unit III, India",2889,21641.75,30.2
83375,Uganda,PMO - US,From RDC,N/A - From RDC,Air,20-Nov-09,10-Nov-09,ARV,Adult,SCMS from RDC,SKU0107,"Lamivudine/Tenofovir Disoproxil Fumarate 300/300mg, tablets, 30 Tabs",Generic,30,200,2000,10,0.33,Mylan (formerly Matrix) Nashik,44,1483.39,3.92
83376,Côte d'Ivoire,PMO - US,From RDC,N/A - From RDC,Air,10-Dec-09,5-Nov-09,ARV,Adult,SCMS from RDC,SKU0104,"Lamivudine/Stavudine 150/30mg, tablets, 60 Tabs",Generic,60,940,3290,3.5,0.06,Mylan (formerly Matrix) Nashik,69,5028.05,6.45
83377,Côte d'Ivoire,PMO - US,From RDC,N/A - From RDC,Air,26-Nov-09,13-Nov-09,ARV,Adult,SCMS from RDC,SKU0054,"Lamivudine/Nevirapine/Zidovudine 150/200/300mg, tablets, 60 Tabs",Generic,60,42750,485212.5,11.35,0.19,"Aurobindo Unit III, India",4814,7100.04,951.02
83378,Uganda,PMO - US,From RDC,N/A - From RDC,Air,30-Nov-09,25-Nov-09,ARV,Adult,SCMS from RDC,SKU0044,"Lamivudine/Nevirapine/Stavudine 150/200/30mg, tablets, 60 Tabs",Generic,60,1760,12320,7,0.12,"Strides, Bangalore, India.",133,2450.89,24.15
83379,Uganda,PMO - US,From RDC,N/A - From RDC,Air,3-Dec-09,30-Nov-09,ARV,Adult,SCMS from RDC,SKU0054,"Lamivudine/Nevirapine/Zidovudine 150/200/300mg, tablets, 60 Tabs",Generic,60,29254,328229.88,11.22,0.19,Mylan (formerly Matrix) Nashik,See DN-1522 (ID#:82845),See DN-1522 (ID#:82845),643.33
83380,Côte d'Ivoire,PMO - US,From RDC,N/A - From RDC,Air,4-Dec-09,2-Dec-09,ARV,Adult,SCMS from RDC,SKU0029,"Tenofovir Disoproxil Fumarate 300mg, tablets, 30 Tabs",Generic,30,950,8103.5,8.53,0.28,Mylan (formerly Matrix) Nashik,54,1211.49,15.88
83381,Côte d'Ivoire,PMO - US,From RDC,N/A - From RDC,Air,7-Dec-09,2-Dec-09,ARV,Adult,SCMS from RDC,SKU0104,"Lamivudine/Stavudine 150/30mg, tablets, 60 Tabs",Generic,60,940,3290,3.5,0.06,"Strides, Bangalore, India.",49,1211.49,6.45
83382,Uganda,PMO - US,From RDC,N/A - From RDC,Air,30-Nov-09,25-Nov-09,ARV,Adult,SCMS from RDC,SKU0107,"Lamivudine/Tenofovir Disoproxil Fumarate 300/300mg, tablets, 30 Tabs",Generic,30,3760,37600,10,0.33,Mylan (formerly Matrix) Nashik,315,5254.17,73.7
83383,Zambia,PMO - US,From RDC,N/A - From RDC,Truck,30-Nov-09,3-Dec-09,ARV,Adult,SCMS from RDC,SKU0107,"Lamivudine/Tenofovir Disoproxil Fumarate 300/300mg, tablets, 30 Tabs",Generic,30,110000,1100000,10,0.33,Mylan (formerly Matrix) Nashik,9221,8104.79,2156
83384,Nigeria,PMO - US,From RDC,N/A - From RDC,Air Charter,18-Dec-09,18-Dec-09,ARV,Adult,SCMS from RDC,SKU0011,"Lamivudine/Zidovudine 150/300mg, tablets, 60 Tabs",Generic,60,35300,309228,8.76,0.15,"Aurobindo Unit III, India",3190,11637.64,606.09
83385,Haiti,PMO - US,From RDC,N/A - From RDC,Air,9-Dec-09,1-Dec-09,ARV,Pediatric,SCMS from RDC,SKU0048,"Lamivudine 10mg/ml, oral solution, Bottle, 240 ml",Generic,240,704,1337.6,1.9,0.01,"Aurobindo Unit III, India",See DN-1559 (ID#:82849),See DN-1559 (ID#:82849),2.88
83386,Uganda,PMO - US,From RDC,N/A - From RDC,Air,20-Dec-09,26-Nov-09,ARV,Adult,SCMS from RDC,SKU0026,"Efavirenz 600mg, tablets, 30 Tabs",Generic,30,12100,69938,5.78,0.19,"Aurobindo Unit III, India",36,3602.34,137.08
83387,Haiti,PMO - US,From RDC,N/A - From RDC,Air,21-Dec-09,16-Dec-09,ARV,Adult,SCMS from RDC,SKU0026,"Efavirenz 600mg, tablets, 30 Tabs",Generic,30,5323,30766.94,5.78,0.19,"Aurobindo Unit III, India",456,5338.55,66.33
83388,Haiti,PMO - US,From RDC,N/A - From RDC,Air Charter,25-Dec-09,17-Dec-09,ARV,Pediatric,SCMS from RDC,SKU0102,"Efavirenz 30mg/ml [Stocrin/Sustiva], oral solution, Bottle, 180 ml",Stocrin/Sustiva,180,230,3900.8,16.96,0.09,"MSD, Haarlem, NL",132,8329.13,8.41
83389,Haiti,PMO - US,From RDC,N/A - From RDC,Air Charter,25-Dec-09,17-Dec-09,ARV,Pediatric,SCMS from RDC,SKU0102,"Efavirenz 30mg/ml [Stocrin/Sustiva], oral solution, Bottle, 180 ml",Stocrin/Sustiva,180,123,2086.08,16.96,0.09,"MSD, Haarlem, NL",See DN-1590 (ID#:83388),See DN-1590 (ID#:83388),4.5
83425,Nigeria,PMO - US,From RDC,N/A - From RDC,Air Charter,31-May-10,18-May-10,ARV,Adult,SCMS from RDC,SKU0007,"Nevirapine 200mg, tablets, 60 Tabs",Generic,60,20000,53200,2.66,0.04,"Strides, Bangalore, India.",1098,9736.1,114.7
83390,Haiti,PMO - US,From RDC,N/A - From RDC,Air Charter,25-Dec-09,17-Dec-09,ARV,Adult,SCMS from RDC,SKU0094,"Indinavir 400mg [Crixivan], capsules, 180 Caps",Crixivan,180,32,1600,50,0.28,"MSD, Haarlem, NL",See DN-1590 (ID#:83388),See DN-1590 (ID#:83388),3.45
83391,Nigeria,PMO - US,From RDC,N/A - From RDC,Air Charter,18-Dec-09,18-Dec-09,ARV,Adult,SCMS from RDC,SKU0054,"Lamivudine/Nevirapine/Zidovudine 150/200/300mg, tablets, 60 Tabs",Generic,60,60000,681000,11.35,0.19,"Aurobindo Unit III, India",6949,11637.64,1334.76
83392,Uganda,PMO - US,From RDC,N/A - From RDC,Air,17-Feb-10,23-Dec-09,ARV,Adult,SCMS from RDC,SKU0003,"Lamivudine 150mg, tablets, 60 Tabs",Generic,60,250,610,2.44,0.04,"Aurobindo Unit III, India",113,3504.8,1.32
83393,Ethiopia,PMO - US,From RDC,N/A - From RDC,Air,4-Jan-10,8-Dec-09,ARV,Adult,SCMS from RDC,SKU0003,"Lamivudine 150mg, tablets, 60 Tabs",Generic,60,4893,11938.92,2.44,0.04,"Aurobindo Unit III, India",235,1326.89,25.74
83394,Uganda,PMO - US,From RDC,N/A - From RDC,Air,15-Jan-10,11-Jan-10,ARV,Adult,SCMS from RDC,SKU0026,"Efavirenz 600mg, tablets, 30 Tabs",Generic,30,21563,124634.14,5.78,0.19,"Aurobindo Unit III, India",1864,8485,244.28
83395,Haiti,PMO - US,From RDC,N/A - From RDC,Air,5-Mar-10,24-Feb-10,ARV,Adult,SCMS from RDC,SKU0007,"Nevirapine 200mg, tablets, 60 Tabs",Generic,60,32850,95265,2.9,0.05,"Aurobindo Unit III, India",3917,39223.78,205.39
83396,Côte d'Ivoire,PMO - US,From RDC,N/A - From RDC,Air,8-Feb-10,23-Jan-10,ARV,Pediatric,SCMS from RDC,SKU0005,"Zidovudine 10mg/ml, oral solution, Bottle, 240 ml",Generic,240,2691,5651.1,2.1,0.01,"Aurobindo Unit III, India",1021,5254.1,11.08
83398,Côte d'Ivoire,PMO - US,From RDC,N/A - From RDC,Air,11-Feb-10,2-Feb-10,ARV,Pediatric,SCMS from RDC,SKU0092,"Didanosine 200mg, chewable/dispersible tablets, 60 Tabs",Generic,60,1800,27900,15.5,0.26,"Aurobindo Unit III, India",See DN-1629 (ID#:82857),See DN-1629 (ID#:82857),54.68
83399,Zambia,PMO - US,From RDC,N/A - From RDC,Truck,2-Mar-10,5-Mar-10,ARV,Adult,SCMS from RDC,SKU0007,"Nevirapine 200mg, tablets, 60 Tabs",Generic,60,20000,54600,2.73,0.05,"Aurobindo Unit III, India",1946,3379.64,107.02
83400,Zambia,PMO - US,From RDC,N/A - From RDC,Truck,5-Mar-10,5-Mar-10,ARV,Pediatric,SCMS from RDC,SKU0082,"Didanosine 100mg, chewable/dispersible tablets, 60 Tabs",Generic,60,10000,77200,7.72,0.13,"Aurobindo Unit III, India",2085,3379.64,151.31
83401,Zimbabwe,PMO - US,From RDC,N/A - From RDC,Truck,30-Mar-10,12-Mar-10,ARV,Adult,SCMS from RDC,SKU0044,"Lamivudine/Nevirapine/Stavudine 150/200/30mg, tablets, 60 Tabs",Generic,60,36100,220571,6.11,0.1,"Cipla, Goa, India",3955,13208.56,475.55
83402,Tanzania,PMO - US,From RDC,N/A - From RDC,Air,14-Apr-10,18-Mar-10,ARV,Adult,SCMS from RDC,SKU0029,"Tenofovir Disoproxil Fumarate 300mg, tablets, 30 Tabs",Generic,30,2448,20881.44,8.53,0.28,"Cipla, Goa, India",178,1854.35,45.02
83403,Haiti,PMO - US,From RDC,N/A - From RDC,Air,7-Apr-10,3-Mar-10,ARV,Pediatric,SCMS from RDC,SKU0049,"Efavirenz 50mg, capsule, 30 Caps",Generic,30,688,1541.12,2.24,0.07,"Aurobindo Unit III, India",465,6036.96,3.32
83404,Côte d'Ivoire,PMO - US,From RDC,N/A - From RDC,Air,9-Mar-10,10-Mar-10,ARV,Adult,SCMS from RDC,SKU0026,"Efavirenz 600mg, tablets, 30 Tabs",Generic,30,31092,179711.76,5.78,0.19,"Aurobindo Unit III, India",See DN-1671 (ID#:82863),See DN-1671 (ID#:82863),352.24
83405,Côte d'Ivoire,PMO - US,From RDC,N/A - From RDC,Air,9-Mar-10,10-Mar-10,ARV,Adult,SCMS from RDC,SKU0104,"Lamivudine/Stavudine 150/30mg, tablets, 60 Tabs",Generic,60,11060,37604,3.4,0.06,"Strides, Bangalore, India.",See DN-1671 (ID#:82863),See DN-1671 (ID#:82863),73.7
83406,Nigeria,PMO - US,From RDC,N/A - From RDC,Air Charter,19-Apr-10,31-Mar-10,ARV,Adult,SCMS from RDC,SKU0054,"Lamivudine/Nevirapine/Zidovudine 150/200/300mg, tablets, 60 Tabs",Generic,60,1200,13464,11.22,0.19,"Aurobindo Unit III, India",141,Freight Included in Commodity Cost,29.03
83407,Nigeria,PMO - US,From RDC,N/A - From RDC,Air Charter,19-Apr-10,31-Mar-10,ARV,Adult,SCMS from RDC,SKU0105,"Emtricitabine/Tenofovir Disoproxil Fumarate 200/300mg, tablets, 30 Tabs",Generic,30,11807,138732.25,11.75,0.39,Mylan (formerly Matrix) Nashik,952,Freight Included in Commodity Cost,299.11
83408,Nigeria,PMO - US,From RDC,N/A - From RDC,Air Charter,19-Apr-10,31-Mar-10,ARV,Adult,SCMS from RDC,SKU0007,"Nevirapine 200mg, tablets, 60 Tabs",Generic,60,434,1184.82,2.73,0.05,"Aurobindo Unit III, India",42,Freight Included in Commodity Cost,2.55
83409,Nigeria,PMO - US,From RDC,N/A - From RDC,Air Charter,19-Apr-10,31-Mar-10,ARV,Adult,SCMS from RDC,SKU0054,"Lamivudine/Nevirapine/Zidovudine 150/200/300mg, tablets, 60 Tabs",Generic,60,1722,19320.84,11.22,0.19,"Aurobindo Unit III, India",202,Freight Included in Commodity Cost,41.66
83410,Nigeria,PMO - US,From RDC,N/A - From RDC,Air Charter,19-Apr-10,31-Mar-10,ARV,Adult,SCMS from RDC,SKU0003,"Lamivudine 150mg, tablets, 60 Tabs",Generic,60,8820,21520.8,2.44,0.04,"Aurobindo Unit III, India",420,Freight Included in Commodity Cost,46.4
83411,Zimbabwe,PMO - US,From RDC,N/A - From RDC,Air,27-May-10,31-Mar-10,ARV,Adult,SCMS from RDC,SKU0011,"Lamivudine/Zidovudine 150/300mg, tablets, 60 Tabs",Generic,60,12000,105120,8.76,0.15,"Aurobindo Unit III, India",1088,4170.65,226.64
83412,Uganda,PMO - US,From RDC,N/A - From RDC,Truck,1-Apr-10,25-Mar-10,ARV,Adult,SCMS from RDC,SKU0011,"Lamivudine/Zidovudine 150/300mg, tablets, 60 Tabs",Generic,60,118,1033.68,8.76,0.15,Mylan (formerly Matrix) Nashik,See DN-1752 (ID#:82311),See DN-1752 (ID#:82311),2.03
83413,Uganda,PMO - US,From RDC,N/A - From RDC,Truck,1-Apr-10,25-Mar-10,ARV,Adult,SCMS from RDC,SKU0054,"Lamivudine/Nevirapine/Zidovudine 150/200/300mg, tablets, 60 Tabs",Generic,60,9000,100980,11.22,0.19,"Aurobindo Unit III, India",1055,2961,217.71
83414,Côte d'Ivoire,PMO - US,From RDC,N/A - From RDC,Air,6-Apr-10,1-Apr-10,ARV,Adult,SCMS from RDC,SKU0014,"Zidovudine 300mg, tablets, 60 Tabs",Generic,60,9009,67837.77,7.53,0.13,Mylan (formerly Matrix) Nashik,See DN-1759 (ID#:82875),See DN-1759 (ID#:82875),132.96
83415,Côte d'Ivoire,PMO - US,From RDC,N/A - From RDC,Air,6-Apr-10,1-Apr-10,ARV,Adult,SCMS from RDC,SKU0029,"Tenofovir Disoproxil Fumarate 300mg, tablets, 30 Tabs",Generic,30,250,2035,8.14,0.27,Mylan (formerly Matrix) Nashik,See DN-1759 (ID#:82875),See DN-1759 (ID#:82875),3.99
83416,Nigeria,PMO - US,From RDC,N/A - From RDC,Air,19-Apr-10,31-Mar-10,ARV,Adult,SCMS from RDC,SKU0007,"Nevirapine 200mg, tablets, 60 Tabs",Generic,60,15000,40950,2.73,0.05,"Aurobindo Unit III, India",1444,124350.84,88.29
83417,Zambia,PMO - US,From RDC,N/A - From RDC,Truck,21-Jul-10,16-Apr-10,ARV,Adult,SCMS from RDC,SKU0058,"Abacavir 300mg, tablets, 60 Tabs",Generic,60,9455,202526.1,21.42,0.36,Mylan (formerly Matrix) Nashik,944,8022.59,436.65
83418,Nigeria,PMO - US,From RDC,N/A - From RDC,Air Charter,31-May-10,18-May-10,ARV,Adult,SCMS from RDC,SKU0059,"Stavudine 20mg, capsules, 60 Caps",Generic,60,3250,4647.5,1.43,0.02,"Aurobindo Unit III, India",216,9736.1,10.02
83419,Guyana,PMO - US,From RDC,N/A - From RDC,Air,15-Apr-10,28-Apr-10,ARV,Adult,SCMS from RDC,SKU0105,"Emtricitabine/Tenofovir Disoproxil Fumarate 200/300mg, tablets, 30 Tabs",Generic,30,4955,58221.25,11.75,0.39,Mylan (formerly Matrix) Nashik,376,4468.34,125.53
83420,Nigeria,PMO - US,From RDC,N/A - From RDC,Air Charter,31-May-10,18-May-10,ARV,Adult,SCMS from RDC,SKU0054,"Lamivudine/Nevirapine/Zidovudine 150/200/300mg, tablets, 60 Tabs",Generic,60,40000,448800,11.22,0.19,"Aurobindo Unit III, India",4692,9736.1,967.61
83421,Nigeria,PMO - US,From RDC,N/A - From RDC,Air Charter,31-May-10,18-May-10,ARV,Adult,SCMS from RDC,SKU0054,"Lamivudine/Nevirapine/Zidovudine 150/200/300mg, tablets, 60 Tabs",Generic,60,2160,24235.2,11.22,0.19,Mylan (formerly Matrix) Nashik,5552,9736.1,52.25
83422,Guyana,PMO - US,From RDC,N/A - From RDC,Air,30-Jun-10,27-May-10,ARV,Pediatric,SCMS from RDC,SKU0048,"Lamivudine 10mg/ml, oral solution, Bottle, 240 ml",Generic,240,471,942,2,0.01,"Cipla, Goa, India",221,3170.64,2.03
83423,Uganda,PMO - US,From RDC,N/A - From RDC,Air,3-May-10,3-May-10,ARV,Adult,SCMS from RDC,SKU0026,"Efavirenz 600mg, tablets, 30 Tabs",Generic,30,2579,12250.25,4.75,0.16,"Aurobindo Unit III, India",358,2485.92,26.41
83424,Nigeria,PMO - US,From RDC,N/A - From RDC,Air Charter,31-May-10,18-May-10,ARV,Adult,SCMS from RDC,SKU0107,"Lamivudine/Tenofovir Disoproxil Fumarate 300/300mg, tablets, 30 Tabs",Generic,30,22826,228260,10,0.33,Mylan (formerly Matrix) Nashik,2500,9736.1,492.13
83426,Nigeria,PMO - US,From RDC,N/A - From RDC,Air Charter,31-May-10,18-May-10,ARV,Adult,SCMS from RDC,SKU0044,"Lamivudine/Nevirapine/Stavudine 150/200/30mg, tablets, 60 Tabs",Generic,60,72560,424476,5.85,0.1,"Strides, Bangalore, India.",5420,9736.1,915.17
83427,Ethiopia,PMO - US,From RDC,N/A - From RDC,Air,2-Jul-10,4-May-10,ARV,Adult,SCMS from RDC,SKU0014,"Zidovudine 300mg, tablets, 60 Tabs",Generic,60,5000,36050,7.21,0.12,"Aurobindo Unit III, India",276,2211.22,77.72
83428,Tanzania,PMO - US,From RDC,N/A - From RDC,Air,21-Jul-10,21-May-10,ARV,Adult,SCMS from RDC,SKU0007,"Nevirapine 200mg, tablets, 60 Tabs",Generic,60,40000,109200,2.73,0.05,"Strides, Bangalore, India.",6240,27922.62,235.44
83429,Haiti,PMO - US,From RDC,N/A - From RDC,Air,31-May-10,1-Jun-10,ARV,Adult,SCMS from RDC,SKU0011,"Lamivudine/Zidovudine 150/300mg, tablets, 60 Tabs",Generic,60,34769,304576.44,8.76,0.15,Hetero Unit III Hyderabad IN,4176,1005.2,656.67
83430,Guyana,PMO - US,From RDC,N/A - From RDC,Air,7-Jun-10,27-May-10,ARV,Adult,SCMS from RDC,SKU0003,"Lamivudine 150mg, tablets, 60 Tabs",Generic,60,126,307.44,2.44,0.04,"Strides, Bangalore, India.",See DN-1838 (ID#:82887),See DN-1838 (ID#:82887),0.66
83431,Côte d'Ivoire,PMO - US,From RDC,N/A - From RDC,Air,15-Jun-10,7-Jun-10,ARV,Adult,SCMS from RDC,SKU0004,"Stavudine 30mg, capsules, 60 Caps",Generic,60,2000,2820,1.41,0.02,"Strides, Bangalore, India.",98,2201.14,6.08
83432,Haiti,PMO - US,From RDC,N/A - From RDC,Air,30-Jun-10,9-Jun-10,ARV,Adult,SCMS from RDC,SKU0014,"Zidovudine 300mg, tablets, 60 Tabs",Generic,60,2520,18169.2,7.21,0.12,"Aurobindo Unit III, India",145,6438.37,39.17
83433,Côte d'Ivoire,PMO - US,From RDC,N/A - From RDC,Air,3-Jun-10,7-Jun-10,ARV,Adult,SCMS from RDC,SKU0029,"Tenofovir Disoproxil Fumarate 300mg, tablets, 30 Tabs",Generic,30,2552,19497.28,7.64,0.25,"Cipla, Goa, India",182,3250.13,42.04
83434,Uganda,PMO - US,From RDC,N/A - From RDC,Air,30-Jun-10,22-Jun-10,ARV,Adult,SCMS from RDC,SKU0054,"Lamivudine/Nevirapine/Zidovudine 150/200/300mg, tablets, 60 Tabs",Generic,60,15000,168300,11.22,0.19,Mylan (formerly Matrix) Nashik,1943,6299.45,362.85
83435,Côte d'Ivoire,PMO - US,From RDC,N/A - From RDC,Air,30-Jun-10,21-Jun-10,ARV,Adult,SCMS from RDC,SKU0054,"Lamivudine/Nevirapine/Zidovudine 150/200/300mg, tablets, 60 Tabs",Generic,60,50000,561000,11.22,0.19,"Aurobindo Unit III, India",5997,8379.98,1209.52
83436,Côte d'Ivoire,PMO - US,From RDC,N/A - From RDC,Air,12-Jul-10,30-Jun-10,ARV,Pediatric,SCMS from RDC,SKU0005,"Zidovudine 10mg/ml, oral solution, Bottle, 240 ml",Generic,240,7284,14713.68,2.02,0.01,"Aurobindo Unit III, India",See DN-1873 (ID#:82329),See DN-1873 (ID#:82329),31.72
83437,Nigeria,PMO - US,From RDC,N/A - From RDC,Air,15-Jul-10,28-Jun-10,ARV,Adult,SCMS from RDC,SKU0054,"Lamivudine/Nevirapine/Zidovudine 150/200/300mg, tablets, 60 Tabs",Generic,60,10000,112200,11.22,0.19,"Aurobindo Unit III, India",1173,Freight Included in Commodity Cost,241.9
83438,Zambia,PMO - US,From RDC,N/A - From RDC,Truck,21-Jul-10,8-Jul-10,ARV,Adult,SCMS from RDC,SKU0058,"Abacavir 300mg, tablets, 60 Tabs",Generic,60,9545,163601.3,17.14,0.29,Mylan (formerly Matrix) Nashik,947,13232.09,352.72
83439,Nigeria,PMO - US,From RDC,N/A - From RDC,Air,15-Jul-10,28-Jun-10,ARV,Adult,SCMS from RDC,SKU0007,"Nevirapine 200mg, tablets, 60 Tabs",Generic,60,3000,8190,2.73,0.05,"Strides, Bangalore, India.",206,Freight Included in Commodity Cost,17.66
83440,Nigeria,PMO - US,From RDC,N/A - From RDC,Air,15-Jul-10,28-Jun-10,ARV,Pediatric,SCMS from RDC,SKU0066,"Efavirenz 200mg, capsule, 90 Caps",Generic,90,1000,9710,9.71,0.11,"Aurobindo Unit III, India",120,Freight Included in Commodity Cost,20.93
83441,Nigeria,PMO - US,From RDC,N/A - From RDC,Air,21-Jul-10,28-Jun-10,ARV,Adult,SCMS from RDC,SKU0011,"Lamivudine/Zidovudine 150/300mg, tablets, 60 Tabs",Generic,60,100,876,8.76,0.15,"Aurobindo Unit III, India",4582,Freight Included in Commodity Cost,1.89
83442,Nigeria,PMO - US,From RDC,N/A - From RDC,Air,15-Jul-10,28-Jun-10,ARV,Adult,SCMS from RDC,SKU0011,"Lamivudine/Zidovudine 150/300mg, tablets, 60 Tabs",Generic,60,155,1357.8,8.76,0.15,Mylan (formerly Matrix) Nashik,13,Freight Included in Commodity Cost,2.93
83443,Uganda,PMO - US,From RDC,N/A - From RDC,Air,4-Aug-10,19-Jul-10,ARV,Adult,SCMS from RDC,SKU0105,"Emtricitabine/Tenofovir Disoproxil Fumarate 200/300mg, tablets, 30 Tabs",Generic,30,703,8260.25,11.75,0.39,Mylan (formerly Matrix) Nashik,301,4758.36,17.81
83444,Uganda,PMO - US,From RDC,N/A - From RDC,Air,4-Aug-10,2-Aug-10,ARV,Adult,SCMS from RDC,SKU0054,"Lamivudine/Nevirapine/Zidovudine 150/200/300mg, tablets, 60 Tabs",Generic,60,8000,89760,11.22,0.19,Mylan (formerly Matrix) Nashik,1642,15347.04,193.52
83445,Nigeria,PMO - US,From RDC,N/A - From RDC,Air,31-Aug-10,17-Aug-10,ARV,Adult,SCMS from RDC,SKU0054,"Lamivudine/Nevirapine/Zidovudine 150/200/300mg, tablets, 60 Tabs",Generic,60,20000,224400,11.22,0.19,"Aurobindo Unit III, India",2406,6147.18,483.81
83446,Ethiopia,PMO - US,From RDC,N/A - From RDC,Air,21-Sep-10,14-Jul-10,ARV,Adult,SCMS from RDC,SKU0044,"Lamivudine/Nevirapine/Stavudine 150/200/30mg, tablets, 60 Tabs",Generic,60,3439,19705.47,5.73,0.1,"Strides, Bangalore, India.",See DN-1952 (ID#:82907),See DN-1952 (ID#:82907),42.48
83447,Nigeria,PMO - US,From RDC,N/A - From RDC,Air Charter,16-Aug-10,17-Aug-10,ARV,Adult,SCMS from RDC,SKU0054,"Lamivudine/Nevirapine/Zidovudine 150/200/300mg, tablets, 60 Tabs",Generic,60,7000,78540,11.22,0.19,"Aurobindo Unit III, India",922,6147.18,169.33
83448,Mozambique,PMO - US,From RDC,N/A - From RDC,Truck,31-Aug-10,18-Aug-10,ARV,Adult,SCMS from RDC,SKU0054,"Lamivudine/Nevirapine/Zidovudine 150/200/300mg, tablets, 60 Tabs",Generic,60,77000,863940,11.22,0.19,Mylan (formerly Matrix) Nashik,12980,11134.62,1862.65
83449,Nigeria,PMO - US,From RDC,N/A - From RDC,Air Charter,31-Aug-10,17-Aug-10,ARV,Adult,SCMS from RDC,SKU0105,"Emtricitabine/Tenofovir Disoproxil Fumarate 200/300mg, tablets, 30 Tabs",Generic,30,3000,35250,11.75,0.39,Mylan (formerly Matrix) Nashik,270,6147.18,76
83450,Côte d'Ivoire,PMO - US,From RDC,N/A - From RDC,Air,23-Aug-10,23-Aug-10,ARV,Adult,SCMS from RDC,SKU0026,"Efavirenz 600mg, tablets, 30 Tabs",Generic,30,39144,174190.8,4.45,0.15,"Strides, Bangalore, India.",See DN-1982 (ID#:82910),See DN-1982 (ID#:82910),375.56
83451,Côte d'Ivoire,PMO - US,From RDC,N/A - From RDC,Air,23-Aug-10,23-Aug-10,ARV,Adult,SCMS from RDC,SKU0058,"Abacavir 300mg, tablets, 60 Tabs",Generic,60,4140,68061.6,16.44,0.27,Mylan (formerly Matrix) Nashik,See DN-1982 (ID#:82910),See DN-1982 (ID#:82910),146.74
83452,Côte d'Ivoire,PMO - US,From RDC,N/A - From RDC,Air,23-Aug-10,23-Aug-10,ARV,Pediatric,SCMS from RDC,SKU0048,"Lamivudine 10mg/ml, oral solution, Bottle, 240 ml",Generic,240,4340,8376.2,1.93,0.01,"Aurobindo Unit III, India",See DN-1982 (ID#:82910),See DN-1982 (ID#:82910),18.06
83453,Côte d'Ivoire,PMO - US,From RDC,N/A - From RDC,Air,31-Aug-10,23-Aug-10,ARV,Pediatric,SCMS from RDC,SKU0048,"Lamivudine 10mg/ml, oral solution, Bottle, 240 ml",Generic,240,3010,5809.3,1.93,0.01,"Aurobindo Unit III, India",3202,12648.38,12.52
83454,Uganda,PMO - US,From RDC,N/A - From RDC,Air,3-Sep-10,27-Aug-10,ARV,Adult,SCMS from RDC,SKU0105,"Emtricitabine/Tenofovir Disoproxil Fumarate 200/300mg, tablets, 30 Tabs",Generic,30,650,7637.5,11.75,0.39,Mylan (formerly Matrix) Nashik,61,536.02,16.47
83455,Nigeria,PMO - US,From RDC,N/A - From RDC,Air Charter,31-Aug-10,17-Aug-10,ARV,Adult,SCMS from RDC,SKU0105,"Emtricitabine/Tenofovir Disoproxil Fumarate 200/300mg, tablets, 30 Tabs",Generic,30,1328,15604,11.75,0.39,Mylan (formerly Matrix) Nashik,122,6147.18,33.64
83456,Nigeria,PMO - US,From RDC,N/A - From RDC,Air Charter,12-Aug-10,17-Aug-10,ARV,Adult,SCMS from RDC,SKU0007,"Nevirapine 200mg, tablets, 60 Tabs",Generic,60,47150,128719.5,2.73,0.05,"Aurobindo Unit III, India",5357,6147.18,277.52
83457,Côte d'Ivoire,PMO - US,From RDC,N/A - From RDC,Air,30-Sep-10,25-Sep-10,ARV,Adult,SCMS from RDC,SKU0058,"Abacavir 300mg, tablets, 60 Tabs",Generic,60,5310,87296.4,16.44,0.27,Mylan (formerly Matrix) Nashik,See DN-2011 (ID#:82350),See DN-2011 (ID#:82350),188.21
83458,Haiti,PMO - US,From RDC,N/A - From RDC,Air,30-Sep-10,7-Oct-10,ARV,Adult,SCMS from RDC,SKU0003,"Lamivudine 150mg, tablets, 60 Tabs",Generic,60,19320,47140.8,2.44,0.04,Hetero Unit III Hyderabad IN,See DN-2015 (ID#:82917),See DN-2015 (ID#:82917),101.64
83459,Uganda,PMO - US,From RDC,N/A - From RDC,Air,20-Oct-10,26-Oct-10,ARV,Adult,SCMS from RDC,SKU0044,"Lamivudine/Nevirapine/Stavudine 150/200/30mg, tablets, 60 Tabs",Generic,60,1193,6835.89,5.73,0.1,"Cipla, Goa, India",144,1413.56,14.74
83460,Nigeria,PMO - US,From RDC,N/A - From RDC,Air,22-Oct-10,10-Nov-10,ARV,Adult,SCMS from RDC,SKU0014,"Zidovudine 300mg, tablets, 60 Tabs",Generic,60,15650,112836.5,7.21,0.12,"Aurobindo Unit III, India",16417,20264.93,243.28
83461,Zimbabwe,PMO - US,From RDC,N/A - From RDC,Truck,30-Nov-10,25-Nov-10,ARV,Adult,SCMS from RDC,SKU0026,"Efavirenz 600mg, tablets, 30 Tabs",Generic,30,5900,26668,4.52,0.15,"Aurobindo Unit III, India",12810,15919.75,57.5
83952,Nigeria,PMO - US,From RDC,N/A - From RDC,Air Charter,15-Oct-09,20-Oct-09,ARV,Adult,SCMS from RDC,SKU0003,"Lamivudine 150mg, tablets, 60 Tabs",Generic,60,5500,13420,2.44,0.04,Mylan (formerly Matrix) Nashik,836,9341.49,26.3
83462,Côte d'Ivoire,PMO - US,From RDC,N/A - From RDC,Truck,30-Nov-10,26-Nov-10,ARV,Adult,SCMS from RDC,SKU0162,"Abacavir/Lamivudine 600/300mg, scored tablets, 30 Tabs",Generic,30,1980,44550,22.5,0.75,Mylan (formerly Matrix) Nashik,See DN-2035 (ID#:82356),See DN-2035 (ID#:82356),96.05
83463,Côte d'Ivoire,PMO - US,From RDC,N/A - From RDC,Truck,30-Nov-10,26-Nov-10,ARV,Adult,SCMS from RDC,SKU0105,"Emtricitabine/Tenofovir Disoproxil Fumarate 200/300mg, tablets, 30 Tabs",Generic,30,9760,114680,11.75,0.39,Mylan (formerly Matrix) Nashik,See DN-2035 (ID#:82356),See DN-2035 (ID#:82356),247.25
83464,Côte d'Ivoire,PMO - US,From RDC,N/A - From RDC,Truck,30-Nov-10,26-Nov-10,ARV,Adult,SCMS from RDC,SKU0104,"Lamivudine/Stavudine 150/30mg, tablets, 60 Tabs",Generic,60,26444,86736.32,3.28,0.05,Mylan (formerly Matrix) Nashik,See DN-2035 (ID#:82356),See DN-2035 (ID#:82356),187
83465,Zambia,PMO - US,From RDC,N/A - From RDC,Truck,31-Dec-10,25-Nov-10,ARV,Adult,SCMS from RDC,SKU0044,"Lamivudine/Nevirapine/Stavudine 150/200/30mg, tablets, 60 Tabs",Generic,60,56430,306414.9,5.43,0.09,"Strides, Bangalore, India.",15358,16606.55,660.63
83466,Uganda,PMO - US,From RDC,N/A - From RDC,Truck,2-Dec-10,2-Dec-10,ARV,Adult,SCMS from RDC,SKU0026,"Efavirenz 600mg, tablets, 30 Tabs",Generic,30,99404,449306.08,4.52,0.15,"Emcure Plot No.P-2, I.T-B.T. Park, Phase II, MIDC, Hinjwadi, Pune, India",6960,29545.05,968.7
83467,Uganda,PMO - US,From RDC,N/A - From RDC,Air,2-Dec-10,29-Nov-10,ARV,Adult,SCMS from RDC,SKU0007,"Nevirapine 200mg, tablets, 60 Tabs",Generic,60,3690,9815.4,2.66,0.04,Hetero Unit III Hyderabad IN,214,5166.39,21.16
83468,Côte d'Ivoire,PMO - US,From RDC,N/A - From RDC,Air,7-Dec-10,13-Dec-10,ARV,Adult,SCMS from RDC,SKU0008,"Lopinavir/Ritonavir 200/50mg [Aluvia], tablets, 120 Tabs",Aluvia,120,1000,36160,36.16,0.3,ABBVIE Ludwigshafen Germany,205,3962.5,77.96
83469,Côte d'Ivoire,PMO - US,From RDC,N/A - From RDC,Air,30-Nov-10,9-Dec-10,ARV,Adult,SCMS from RDC,SKU0003,"Lamivudine 150mg, tablets, 60 Tabs",Generic,60,8100,18873,2.33,0.04,Hetero Unit III Hyderabad IN,3093,11235.05,40.69
83470,Dominican Republic,PMO - US,From RDC,N/A - From RDC,Air,30-Nov-10,14-Dec-10,ARV,Adult,SCMS from RDC,SKU0058,"Abacavir 300mg, tablets, 60 Tabs",Generic,60,3073,48829.97,15.89,0.26,Mylan (formerly Matrix) Nashik,594,4996.2,80.57
83471,Dominican Republic,PMO - US,From RDC,N/A - From RDC,Air,30-Nov-10,14-Dec-10,ARV,Adult,SCMS from RDC,SKU0135,"Lopinavir/Ritonavir 200/50mg, tablets, 120 Tabs",Generic,120,1100,39600,36,0.3,"Aurobindo Unit III, India",See DN-2066 (ID#:83470),See DN-2066 (ID#:83470),65.34
83472,Zambia,PMO - US,From RDC,N/A - From RDC,Truck,15-Nov-10,10-Dec-10,ARV,Adult,SCMS from RDC,SKU0105,"Emtricitabine/Tenofovir Disoproxil Fumarate 200/300mg, tablets, 30 Tabs",Generic,30,220002,2585023.5,11.75,0.39,Mylan (formerly Matrix) Nashik,20364,31373.1,5573.31
83473,Haiti,PMO - US,From RDC,N/A - From RDC,Air,20-Dec-10,5-Jan-11,ARV,Adult,SCMS from RDC,SKU0003,"Lamivudine 150mg, tablets, 60 Tabs",Generic,60,9009,20990.97,2.33,0.04,Hetero Unit III Hyderabad IN,See DN-2073 (ID#:82362),See DN-2073 (ID#:82362),45.26
83474,Haiti,PMO - US,From RDC,N/A - From RDC,Air,20-Dec-10,5-Jan-11,ARV,Adult,SCMS from RDC,SKU0041,"Stavudine 15mg, capsules, 60 Caps",Generic,60,168,252,1.5,0.02,"Aurobindo Unit III, India",See DN-2073 (ID#:82362),See DN-2073 (ID#:82362),0.54
83475,Haiti,PMO - US,From RDC,N/A - From RDC,Air,20-Dec-10,5-Jan-11,ARV,Pediatric,SCMS from RDC,SKU0065,"Zidovudine 100mg, capsules, 100 Caps",Generic,100,2583,12501.72,4.84,0.05,"Aurobindo Unit III, India",See DN-2073 (ID#:82362),See DN-2073 (ID#:82362),26.95
83476,Ethiopia,PMO - US,From RDC,N/A - From RDC,Air,15-Dec-10,9-Dec-10,ARV,Adult,SCMS from RDC,SKU0029,"Tenofovir Disoproxil Fumarate 300mg, tablets, 30 Tabs",Generic,30,1440,10512,7.3,0.24,Mylan (formerly Matrix) Nashik,88,1842.95,22.66
83477,Uganda,PMO - US,From RDC,N/A - From RDC,Truck,31-Dec-10,23-Dec-10,ARV,Adult,SCMS from RDC,SKU0054,"Lamivudine/Nevirapine/Zidovudine 150/200/300mg, tablets, 60 Tabs",Generic,60,125000,1402500,11.22,0.19,"Aurobindo Unit III, India",16790,103428,3023.79
83478,Guatemala,PMO - US,From RDC,N/A - From RDC,Air,31-Jan-11,24-Jan-11,ARV,Adult,SCMS from RDC,SKU0011,"Lamivudine/Zidovudine 150/300mg, tablets, 60 Tabs",Generic,60,4301,36773.55,8.55,0.14,"Aurobindo Unit III, India",1435,16252.95,60.68
83479,Mozambique,PMO - US,From RDC,N/A - From RDC,Air,28-Feb-11,25-Feb-11,ARV,Pediatric,SCMS from RDC,SKU0005,"Zidovudine 10mg/ml, oral solution, Bottle, 240 ml",Generic,240,1177,2377.54,2.02,0.01,"Aurobindo Unit III, India",512,3415.72,3.92
83480,Mozambique,PMO - US,From RDC,N/A - From RDC,Truck,31-Mar-11,9-Mar-11,ARV,Pediatric,SCMS from RDC,SKU0117,"Zidovudine 10mg/ml, oral solution w/syringe, Bottle, 240 ml",Generic,240,4000,8400,2.1,0.01,"Aurobindo Unit III, India",1137,4711.97,13.86
83483,Côte d'Ivoire,PMO - US,From RDC,N/A - From RDC,Air,31-Jan-11,22-Feb-11,ARV,Adult,SCMS from RDC,SKU0011,"Lamivudine/Zidovudine 150/300mg, tablets, 60 Tabs",Generic,60,18507,158234.85,8.55,0.14,"Aurobindo Unit III, India",See DN-2106 (ID#:82933),See DN-2106 (ID#:82933),341.15
83484,Zambia,PMO - US,From RDC,N/A - From RDC,Truck,26-Feb-11,15-Feb-11,ARV,Adult,SCMS from RDC,SKU0014,"Zidovudine 300mg, tablets, 60 Tabs",Generic,60,10776,77694.96,7.21,0.12,"Aurobindo Unit III, India",586,8045.76,167.51
83485,Haiti,PMO - US,From RDC,N/A - From RDC,Air,28-Feb-11,14-Feb-11,ARV,Adult,SCMS from RDC,SKU0014,"Zidovudine 300mg, tablets, 60 Tabs",Generic,60,960,6921.6,7.21,0.12,"Aurobindo Unit III, India",See DN-2113 (ID#:82937),See DN-2113 (ID#:82937),14.92
83486,Haiti,PMO - US,From RDC,N/A - From RDC,Air,28-Feb-11,14-Feb-11,ARV,Pediatric,SCMS from RDC,SKU0145,"Abacavir 20mg/ml, oral solution w/syringe, Bottle, 240 ml",Generic,240,544,7452.8,13.7,0.06,"Aurobindo Unit III, India",395,6555.75,12.3
83487,Côte d'Ivoire,PMO - US,From RDC,N/A - From RDC,Air,28-Feb-11,28-Feb-11,ARV,Adult,SCMS from RDC,SKU0004,"Stavudine 30mg, capsules, 60 Caps",Generic,60,2070,2898,1.4,0.02,"Aurobindo Unit III, India",176,1653.99,4.78
83488,Guyana,PMO - US,From RDC,N/A - From RDC,Air,31-Mar-11,25-Mar-11,ARV,Adult,SCMS from RDC,SKU0041,"Stavudine 15mg, capsules, 60 Caps",Generic,60,73,109.5,1.5,0.02,"Aurobindo Unit III, India",143,2097.18,0.18
83489,Guyana,PMO - US,From RDC,N/A - From RDC,Air,31-Mar-11,25-Mar-11,ARV,Pediatric,SCMS from RDC,SKU0145,"Abacavir 20mg/ml, oral solution w/syringe, Bottle, 240 ml",Generic,240,99,1356.3,13.7,0.06,"Aurobindo Unit III, India",See DN-2129 (ID#:83488),See DN-2129 (ID#:83488),2.24
83490,Côte d'Ivoire,PMO - US,From RDC,N/A - From RDC,Air,31-Mar-11,29-Mar-11,ARV,Pediatric,SCMS from RDC,SKU0092,"Didanosine 200mg, chewable/dispersible tablets, 60 Tabs",Generic,60,2296,34440,15,0.25,"Aurobindo Unit III, India",17126,17941.46,74.25
83491,Côte d'Ivoire,PMO - US,From RDC,N/A - From RDC,Air,15-Mar-11,29-Mar-11,ARV,Pediatric,SCMS from RDC,SKU0066,"Efavirenz 200mg, capsule, 90 Caps",Generic,90,2440,23692.4,9.71,0.11,"Aurobindo Unit III, India",2325,17941.47,51.08
83492,Zambia,PMO - US,From RDC,N/A - From RDC,Truck,31-Mar-11,5-Apr-11,ARV,Adult,SCMS from RDC,SKU0003,"Lamivudine 150mg, tablets, 60 Tabs",Generic,60,21678,50509.74,2.33,0.04,"Aurobindo Unit III, India",1084,4471.07,108.9
83493,Uganda,PMO - US,From RDC,N/A - From RDC,Truck,31-Mar-11,1-Apr-11,ARV,Adult,SCMS from RDC,SKU0011,"Lamivudine/Zidovudine 150/300mg, tablets, 60 Tabs",Generic,60,30107,248683.82,8.26,0.14,"Aurobindo Unit III, India",2875,23675.63,536.16
83494,Zambia,PMO - US,From RDC,N/A - From RDC,Truck,14-Apr-11,5-Apr-11,ARV,Adult,SCMS from RDC,SKU0132,"Efavirenz/Emtricitabine/Tenofovir Disoproxil Fumarate 600/200/300mg, tablets, 30 Tabs",Generic,30,120200,2394384,19.92,0.66,Mylan (formerly Matrix) Nashik,13222,4471.08,5162.29
83495,Tanzania,PMO - US,From RDC,N/A - From RDC,Air,7-Apr-11,28-Mar-11,ARV,Adult,SCMS from RDC,SKU0026,"Efavirenz 600mg, tablets, 30 Tabs",Generic,30,49000,206780,4.22,0.14,Mylan (formerly Matrix) Nashik,4030,15707.3,341.19
83496,Nigeria,PMO - US,From RDC,N/A - From RDC,Air Charter,15-Jun-11,11-May-11,ARV,Adult,SCMS from RDC,SKU0014,"Zidovudine 300mg, tablets, 60 Tabs",Generic,60,15000,108150,7.21,0.12,"Aurobindo Unit III, India",823,12601.06,178.45
83497,Zimbabwe,PMO - US,From RDC,N/A - From RDC,Truck,4-Apr-11,20-May-11,ARV,Pediatric,SCMS from RDC,SKU0049,"Efavirenz 50mg, capsule, 30 Caps",Generic,30,3348,7499.52,2.24,0.07,"Aurobindo Unit III, India",See DN-2179 (ID#:82946),See DN-2179 (ID#:82946),16.17
83498,Zimbabwe,PMO - US,From RDC,N/A - From RDC,Truck,4-Apr-11,20-May-11,ARV,Pediatric,SCMS from RDC,SKU0169,"Lamivudine/Stavudine 60/12mg, dispersible tablets, 60 Tabs",Generic,60,4952,16341.6,3.3,0.06,"Cipla, Goa, India",See DN-2179 (ID#:82946),See DN-2179 (ID#:82946),35.23
83499,Uganda,PMO - US,From RDC,N/A - From RDC,Air,11-Mar-11,3-May-11,ARV,Adult,SCMS from RDC,SKU0132,"Efavirenz/Emtricitabine/Tenofovir Disoproxil Fumarate 600/200/300mg, tablets, 30 Tabs",Generic,30,720,14342.4,19.92,0.66,Mylan (formerly Matrix) Nashik,79,2305.65,23.66
83500,Nigeria,PMO - US,From RDC,N/A - From RDC,Air Charter,21-Jun-11,10-May-11,ARV,Adult,SCMS from RDC,SKU0107,"Lamivudine/Tenofovir Disoproxil Fumarate 300/300mg, tablets, 30 Tabs",Generic,30,50000,441000,8.82,0.29,Mylan (formerly Matrix) Nashik,4502,12601.07,727.65
83501,Zambia,PMO - US,From RDC,N/A - From RDC,Truck,30-Apr-11,20-May-11,ARV,Adult,SCMS from RDC,SKU0007,"Nevirapine 200mg, tablets, 60 Tabs",Generic,60,18000,45180,2.51,0.04,"Strides, Bangalore, India.",1032,3402.23,97.41
83502,Zimbabwe,PMO - US,From RDC,N/A - From RDC,Truck,31-May-11,13-Jun-11,ARV,Pediatric,SCMS from RDC,SKU0066,"Efavirenz 200mg, capsule, 90 Caps",Generic,90,1152,11185.92,9.71,0.11,"Aurobindo Unit III, India",See DN-2203 (ID#:82949),See DN-2203 (ID#:82949),24.12
83503,Nigeria,PMO - US,From RDC,N/A - From RDC,Air Charter,15-Jun-11,5-Jul-11,ARV,Adult,SCMS from RDC,SKU0107,"Lamivudine/Tenofovir Disoproxil Fumarate 300/300mg, tablets, 30 Tabs",Generic,30,70651,623141.82,8.82,0.29,Mylan (formerly Matrix) Nashik,6749,13398.06,1028.18
83504,Nigeria,PMO - US,From RDC,N/A - From RDC,Air Charter,15-Jun-11,6-Jul-11,ARV,Adult,SCMS from RDC,SKU0011,"Lamivudine/Zidovudine 150/300mg, tablets, 60 Tabs",Generic,60,30091,248551.66,8.26,0.14,"Aurobindo Unit III, India",See DN-2213 (ID#:82952),See DN-2213 (ID#:82952),410.11
83505,Nigeria,PMO - US,From RDC,N/A - From RDC,Air Charter,15-Jun-11,5-Jul-11,ARV,Adult,SCMS from RDC,SKU0105,"Emtricitabine/Tenofovir Disoproxil Fumarate 200/300mg, tablets, 30 Tabs",Generic,30,57749,630619.08,10.92,0.36,"Aurobindo Unit III, India",5554,13398.06,1040.52
83506,Nigeria,PMO - US,From RDC,N/A - From RDC,Air Charter,15-Jun-11,6-Jul-11,ARV,Adult,SCMS from RDC,SKU0054,"Lamivudine/Nevirapine/Zidovudine 150/200/300mg, tablets, 60 Tabs",Generic,60,206853,2320890.66,11.22,0.19,"Aurobindo Unit III, India",29353,13398.06,3829.47
83507,Benin,PMO - US,From RDC,N/A - From RDC,Air,13-Jun-11,30-Jun-11,ARV,Adult,SCMS from RDC,SKU0008,"Lopinavir/Ritonavir 200/50mg [Aluvia], tablets, 120 Tabs",Aluvia,120,611,20615.14,33.74,0.28,ABBVIE Ludwigshafen Germany,129,6477.67,34.01
83508,Zambia,PMO - US,From RDC,N/A - From RDC,Truck,15-Jul-11,11-Jul-11,ARV,Adult,SCMS from RDC,SKU0003,"Lamivudine 150mg, tablets, 60 Tabs",Generic,60,18579,43289.07,2.33,0.04,Hetero Unit III Hyderabad IN,2029,6801.72,71.43
83509,Ghana,PMO - US,From RDC,N/A - From RDC,Air,4-Jul-11,15-Jul-11,ARV,Adult,SCMS from RDC,SKU0029,"Tenofovir Disoproxil Fumarate 300mg, tablets, 30 Tabs",Generic,30,2110,13546.2,6.42,0.21,Mylan (formerly Matrix) Nashik,See DN-2259 (ID#:82958),See DN-2259 (ID#:82958),22.35
83510,Tanzania,PMO - US,From RDC,N/A - From RDC,Air,31-Aug-11,18-Jul-11,ARV,Adult,SCMS from RDC,SKU0105,"Emtricitabine/Tenofovir Disoproxil Fumarate 200/300mg, tablets, 30 Tabs",Generic,30,77636,818283.44,10.54,0.35,Mylan (formerly Matrix) Nashik,6986,26538.46,1350.17
83511,Mozambique,PMO - US,From RDC,N/A - From RDC,Truck,31-Aug-11,5-Sep-11,ARV,Adult,SCMS from RDC,SKU0011,"Lamivudine/Zidovudine 150/300mg, tablets, 60 Tabs",Generic,60,15048,128660.4,8.55,0.14,"Aurobindo Unit III, India",1391,3525.04,212.29
83513,Zimbabwe,PMO - US,From RDC,N/A - From RDC,Truck,15-Aug-11,11-Aug-11,ARV,Pediatric,SCMS from RDC,SKU0070,"Lamivudine/Stavudine 30/6mg, dispersible tablets, 60 Tabs",Generic,60,3687,7005.3,1.9,0.03,"Cipla, Goa, India",212,2143.48,15.1
83514,Zimbabwe,PMO - US,From RDC,N/A - From RDC,Truck,15-Aug-11,11-Aug-11,ARV,Adult,SCMS from RDC,SKU0104,"Lamivudine/Stavudine 150/30mg, tablets, 60 Tabs",Generic,60,4669,15314.32,3.28,0.05,"Cipla, Goa, India",357,2143.49,33.02
83515,Uganda,PMO - US,From RDC,N/A - From RDC,Truck,30-Jun-11,14-Jul-11,ARV,Adult,SCMS from RDC,SKU0107,"Lamivudine/Tenofovir Disoproxil Fumarate 300/300mg, tablets, 30 Tabs",Generic,30,30000,264600,8.82,0.29,Mylan (formerly Matrix) Nashik,2641,19673.48,436.59
83517,Côte d'Ivoire,PMO - US,From RDC,N/A - From RDC,Air,22-Jul-11,22-Jul-11,ARV,Pediatric,SCMS from RDC,SKU0126,"Nevirapine 10mg/ml, oral suspension w/syringe, Bottle, 240 ml",Generic,240,3846,7499.7,1.95,0.01,"Aurobindo Unit III, India",Weight Captured Separately,Invoiced Separately,16.17
83518,Zimbabwe,PMO - US,From RDC,N/A - From RDC,Truck,5-Sep-11,5-Sep-11,ARV,Adult,SCMS from RDC,SKU0007,"Nevirapine 200mg, tablets, 60 Tabs",Generic,60,9073,22773.23,2.51,0.04,Hetero Unit III Hyderabad IN,487,2091.17,49.1
83519,Zambia,PMO - US,From RDC,N/A - From RDC,Truck,1-Sep-11,15-Aug-11,ARV,Adult,SCMS from RDC,SKU0132,"Efavirenz/Emtricitabine/Tenofovir Disoproxil Fumarate 600/200/300mg, tablets, 30 Tabs",Generic,30,60000,1195200,19.92,0.66,Mylan (formerly Matrix) Nashik,See DN-2299 (ID#:82966),See DN-2299 (ID#:82966),1972.08
83520,Côte d'Ivoire,PMO - US,From RDC,N/A - From RDC,Air,27-Sep-11,12-Sep-11,ARV,Adult,SCMS from RDC,SKU0058,"Abacavir 300mg, tablets, 60 Tabs",Generic,60,4617,69439.68,15.04,0.25,"Aurobindo Unit III, India",See DN-2304 (ID#:82395),See DN-2304 (ID#:82395),114.58
83521,Haiti,PMO - US,From RDC,N/A - From RDC,Air,19-Jul-11,11-Aug-11,ARV,Adult,SCMS from RDC,SKU0003,"Lamivudine 150mg, tablets, 60 Tabs",Generic,60,9200,21436,2.33,0.04,"Aurobindo Unit III, India",See DN-2310 (ID#:82968),See DN-2310 (ID#:82968),35.37
83522,Uganda,PMO - US,From RDC,N/A - From RDC,Truck,31-Jul-11,12-Aug-11,ARV,Adult,SCMS from RDC,SKU0132,"Efavirenz/Emtricitabine/Tenofovir Disoproxil Fumarate 600/200/300mg, tablets, 30 Tabs",Generic,30,3330,66333.6,19.92,0.66,Mylan (formerly Matrix) Nashik,370,2886.12,109.45
83523,Ghana,PMO - US,From RDC,N/A - From RDC,Air,14-Nov-11,14-Nov-11,ARV,Adult,SCMS from RDC,SKU0011,"Lamivudine/Zidovudine 150/300mg, tablets, 60 Tabs",Generic,60,32168,265707.68,8.26,0.14,Mylan (formerly Matrix) Nashik,5199,585,438.42
83524,Ghana,PMO - US,From RDC,N/A - From RDC,Air,6-Sep-11,11-Aug-11,ARV,Adult,SCMS from RDC,SKU0007,"Nevirapine 200mg, tablets, 60 Tabs",Generic,60,45084,113160.84,2.51,0.04,"Strides, Bangalore, India.",2698,12676.4,186.72
83525,Zambia,PMO - US,From RDC,N/A - From RDC,Truck,29-Sep-11,29-Aug-11,ARV,Adult,SCMS from RDC,SKU0007,"Nevirapine 200mg, tablets, 60 Tabs",Generic,60,31892,80048.92,2.51,0.04,Hetero Unit III Hyderabad IN,See DN-2322 (ID#:82973),See DN-2322 (ID#:82973),132.08
83526,Zimbabwe,PMO - US,From RDC,N/A - From RDC,Truck,30-Sep-11,19-Sep-11,ARV,Adult,SCMS from RDC,SKU0007,"Nevirapine 200mg, tablets, 60 Tabs",Generic,60,9073,22228.85,2.45,0.04,"Aurobindo Unit VII, IN",1406,5479.15,36.68
83527,Uganda,PMO - US,From RDC,N/A - From RDC,Truck,5-Sep-11,23-Aug-11,ARV,Adult,SCMS from RDC,SKU0054,"Lamivudine/Nevirapine/Zidovudine 150/200/300mg, tablets, 60 Tabs",Generic,60,6139,68879.58,11.22,0.19,Mylan (formerly Matrix) Nashik,1518,6561.51,113.65
83528,Uganda,PMO - US,From RDC,N/A - From RDC,Truck,22-Sep-11,24-Aug-11,ARV,Adult,SCMS from RDC,SKU0107,"Lamivudine/Tenofovir Disoproxil Fumarate 300/300mg, tablets, 30 Tabs",Generic,30,7441,61239.43,8.23,0.27,Mylan (formerly Matrix) Nashik,656,4376.56,101.05
83529,Uganda,PMO - US,From RDC,N/A - From RDC,Truck,5-Aug-11,24-Aug-11,ARV,Adult,SCMS from RDC,SKU0054,"Lamivudine/Nevirapine/Zidovudine 150/200/300mg, tablets, 60 Tabs",Generic,60,105000,1178100,11.22,0.19,Mylan (formerly Matrix) Nashik,See DN-2329 (ID#:82976),See DN-2329 (ID#:82976),1943.86
83530,Côte d'Ivoire,PMO - US,From RDC,N/A - From RDC,Air,12-Oct-11,12-Oct-11,ARV,Adult,SCMS from RDC,SKU0058,"Abacavir 300mg, tablets, 60 Tabs",Generic,60,2313,34787.52,15.04,0.25,Mylan (formerly Matrix) Nashik,See DN-2339 (ID#:82401),See DN-2339 (ID#:82401),57.4
83531,Tanzania,PMO - US,From RDC,N/A - From RDC,Truck,3-Oct-11,16-Sep-11,ARV,Adult,SCMS from RDC,SKU0132,"Efavirenz/Emtricitabine/Tenofovir Disoproxil Fumarate 600/200/300mg, tablets, 30 Tabs",Generic,30,68235,1359241.2,19.92,0.66,Mylan (formerly Matrix) Nashik,Weight Captured Separately,Invoiced Separately,2242.75
83532,Nigeria,PMO - US,From RDC,N/A - From RDC,Air Charter,3-Nov-11,28-Sep-11,ARV,Adult,SCMS from RDC,SKU0004,"Stavudine 30mg, capsules, 60 Caps",Generic,60,1000,1400,1.4,0.02,"Aurobindo Unit III, India",108,18495.9,2.31
83533,Zimbabwe,PMO - US,From RDC,N/A - From RDC,Truck,21-Oct-11,21-Oct-11,ARV,Pediatric,SCMS from RDC,SKU0131,"Lamivudine/Zidovudine 30/60mg, tablets, 60 Tabs",Generic,60,323,1049.75,3.25,0.05,"Aurobindo Unit III, India",209,502.49,1.73
83534,Zimbabwe,PMO - US,From RDC,N/A - From RDC,Truck,25-Oct-11,21-Oct-11,ARV,Adult,SCMS from RDC,SKU0107,"Lamivudine/Tenofovir Disoproxil Fumarate 300/300mg, tablets, 30 Tabs",Generic,30,42444,366291.72,8.63,0.29,Mylan (formerly Matrix) Nashik,1423,6623.46,604.38
83536,Tanzania,PMO - US,From RDC,N/A - From RDC,Truck,3-Oct-11,23-Sep-11,ARV,Adult,SCMS from RDC,SKU0132,"Efavirenz/Emtricitabine/Tenofovir Disoproxil Fumarate 600/200/300mg, tablets, 30 Tabs",Generic,30,40337,803513.04,19.92,0.66,Mylan (formerly Matrix) Nashik,4560,1047.17,1325.8
83537,Nigeria,PMO - US,From RDC,N/A - From RDC,Air Charter,3-Nov-11,28-Sep-11,ARV,Adult,SCMS from RDC,SKU0026,"Efavirenz 600mg, tablets, 30 Tabs",Generic,30,100000,422000,4.22,0.14,Hetero Unit III Hyderabad IN,5712,18495.9,696.3
83538,Mozambique,PMO - US,From RDC,N/A - From RDC,Truck,25-Jan-12,25-Jan-12,ARV,Pediatric,SCMS from RDC,SKU0126,"Nevirapine 10mg/ml, oral suspension w/syringe, Bottle, 240 ml",Generic,240,13994,27288.3,1.95,0.01,"Aurobindo Unit III, India",5269,4480.45,45.03
83539,Swaziland,PMO - US,From RDC,N/A - From RDC,Air,12-Dec-11,18-Oct-11,ARV,Adult,SCMS from RDC,SKU0107,"Lamivudine/Tenofovir Disoproxil Fumarate 300/300mg, tablets, 30 Tabs",Generic,30,17300,135286,7.82,0.26,Mylan (formerly Matrix) Nashik,2036,15635.84,223.22
83540,Uganda,PMO - US,From RDC,N/A - From RDC,Air,15-Nov-11,1-Nov-11,ARV,Pediatric,SCMS from RDC,SKU0126,"Nevirapine 10mg/ml, oral suspension w/syringe, Bottle, 240 ml",Generic,240,9794,19098.3,1.95,0.01,"Aurobindo Unit III, India",3654,19520.77,31.51
83541,Zimbabwe,PMO - US,From RDC,N/A - From RDC,Truck,31-Oct-11,21-Oct-11,ARV,Pediatric,SCMS from RDC,SKU0131,"Lamivudine/Zidovudine 30/60mg, tablets, 60 Tabs",Generic,60,12733,38071.67,2.99,0.05,Mylan (formerly Matrix) Nashik,496,5257.35,62.82
83542,Haiti,PMO - US,From RDC,N/A - From RDC,Air,31-Oct-11,8-Nov-11,ARV,Adult,SCMS from RDC,SKU0004,"Stavudine 30mg, capsules, 60 Caps",Generic,60,4520,6328,1.4,0.02,"Aurobindo Unit III, India",418,4692.14,10.44
83543,Zambia,PMO - US,From RDC,N/A - From RDC,Truck,3-Nov-11,15-Nov-11,ARV,Adult,SCMS from RDC,SKU0105,"Emtricitabine/Tenofovir Disoproxil Fumarate 200/300mg, tablets, 30 Tabs",Generic,30,26060,233758.2,8.97,0.3,"Aurobindo Unit III, India",2409,9346.8,385.7
83544,Nigeria,PMO - US,From RDC,N/A - From RDC,Air Charter,5-Dec-11,13-Oct-11,ARV,Adult,SCMS from RDC,SKU0054,"Lamivudine/Nevirapine/Zidovudine 150/200/300mg, tablets, 60 Tabs",Generic,60,94848,1064194.56,11.22,0.19,Mylan (formerly Matrix) Nashik,See DN-2395 (ID#:82415),See DN-2395 (ID#:82415),1755.92
83545,Nigeria,PMO - US,From RDC,N/A - From RDC,Air Charter,5-Dec-11,13-Oct-11,ARV,Adult,SCMS from RDC,SKU0054,"Lamivudine/Nevirapine/Zidovudine 150/200/300mg, tablets, 60 Tabs",Generic,60,45113,506167.86,11.22,0.19,Mylan (formerly Matrix) Nashik,6180,21326.73,835.18
83546,Tanzania,PMO - US,From RDC,N/A - From RDC,Truck,29-Dec-11,12-Dec-11,ARV,Pediatric,SCMS from RDC,SKU0126,"Nevirapine 10mg/ml, oral suspension w/syringe, Bottle, 240 ml",Generic,240,15000,29250,1.95,0.01,"Aurobindo Unit III, India",5641,45291.49,48.26
83547,Uganda,PMO - US,From RDC,N/A - From RDC,Truck,10-Feb-12,19-Jan-12,ARV,Adult,SCMS from RDC,SKU0011,"Lamivudine/Zidovudine 150/300mg, tablets, 60 Tabs",Generic,60,5471,45190.46,8.26,0.14,"Aurobindo Unit III, India",521,4237.12,74.56
83548,Nigeria,PMO - US,From RDC,N/A - From RDC,Air Charter,2-Mar-12,18-Dec-11,ARV,Adult,SCMS from RDC,SKU0011,"Lamivudine/Zidovudine 150/300mg, tablets, 60 Tabs",Generic,60,85919,709690.94,8.26,0.14,"Aurobindo Unit III, India",8754,15322.73,1170.99
83549,Rwanda,PMO - US,From RDC,N/A - From RDC,Air,23-Jan-12,23-Jan-12,ARV,Pediatric,SCMS from RDC,SKU0130,"Lamivudine 10mg/ml, oral solution w/syringe, Bottle, 240 ml",Generic,240,3000,5550,1.85,0.01,"Aurobindo Unit III, India",1076,4474.31,7.78
83550,Mozambique,PMO - US,From RDC,N/A - From RDC,Truck,8-Mar-12,8-Mar-12,ARV,Adult,SCMS from RDC,SKU0054,"Lamivudine/Nevirapine/Zidovudine 150/200/300mg, tablets, 60 Tabs",Generic,60,150000,1683000,11.22,0.19,"Cipla, Goa, India",19143,16660.04,2776.95
83551,Mozambique,PMO - US,From RDC,N/A - From RDC,Truck,29-Feb-12,22-Feb-12,ARV,Adult,SCMS from RDC,SKU0054,"Lamivudine/Nevirapine/Zidovudine 150/200/300mg, tablets, 60 Tabs",Generic,60,275,3085.5,11.22,0.19,Mylan (formerly Matrix) Nashik,36,3470,5.09
83552,Tanzania,PMO - US,From RDC,N/A - From RDC,Truck,29-Feb-12,5-Feb-12,ARV,Adult,SCMS from RDC,SKU0026,"Efavirenz 600mg, tablets, 30 Tabs",Generic,30,65000,274300,4.22,0.14,"Aurobindo Unit III, India",Weight Captured Separately,Freight Included in Commodity Cost,452.6
83553,Mozambique,PMO - US,From RDC,N/A - From RDC,Truck,29-Feb-12,8-Mar-12,ARV,Adult,SCMS from RDC,SKU0011,"Lamivudine/Zidovudine 150/300mg, tablets, 60 Tabs",Generic,60,28168,232667.68,8.26,0.14,"Aurobindo Unit VII, IN",318,6025.73,383.9
83554,Mozambique,PMO - US,From RDC,N/A - From RDC,Truck,29-Feb-12,8-Mar-12,ARV,Adult,SCMS from RDC,SKU0007,"Nevirapine 200mg, tablets, 60 Tabs",Generic,60,2940,7203,2.45,0.04,"Aurobindo Unit VII, IN",See DN-2488 (ID#:83553),See DN-2488 (ID#:83553),11.88
83555,"Congo, DRC",PMO - US,From RDC,N/A - From RDC,Air,16-Mar-12,14-Feb-12,ARV,Adult,SCMS from RDC,SKU0026,"Efavirenz 600mg, tablets, 30 Tabs",Generic,30,30,123.6,4.12,0.14,"Strides, Bangalore, India.",55,912.36,0.17
83556,"Congo, DRC",PMO - US,From RDC,N/A - From RDC,Air,16-Mar-12,14-Feb-12,ARV,Adult,SCMS from RDC,SKU0026,"Efavirenz 600mg, tablets, 30 Tabs",Generic,30,10,41.2,4.12,0.14,"Strides, Bangalore, India.",See DN-2497 (ID#:82435),See DN-2497 (ID#:82435),0.06
83557,Guyana,PMO - US,From RDC,N/A - From RDC,Air,30-Mar-12,4-Feb-12,ARV,Pediatric,SCMS from RDC,SKU0066,"Efavirenz 200mg, capsule, 90 Caps",Generic,90,153,1357.11,8.87,0.1,"Aurobindo Unit III, India",See DN-2503 (ID#:83007),See DN-2503 (ID#:83007),1.9
83558,Guyana,PMO - US,From RDC,N/A - From RDC,Air,30-Mar-12,4-Feb-12,ARV,Pediatric,SCMS from RDC,SKU0145,"Abacavir 20mg/ml, oral solution w/syringe, Bottle, 240 ml",Generic,240,55,687.5,12.5,0.05,"Aurobindo Unit III, India",See DN-2503 (ID#:83007),See DN-2503 (ID#:83007),0.96
83559,"Congo, DRC",PMO - US,From RDC,N/A - From RDC,Air,16-Mar-12,3-Apr-12,ARV,Pediatric,SCMS from RDC,SKU0126,"Nevirapine 10mg/ml, oral suspension w/syringe, Bottle, 240 ml",Generic,240,186,362.7,1.95,0.01,"Aurobindo Unit III, India",81,1535.56,0.51
83626,South Sudan,PMO - US,From RDC,N/A - From RDC,Air,30-Nov-12,30-Nov-12,ARV,Adult,SCMS from RDC,SKU0011,"Lamivudine/Zidovudine 150/300mg, tablets, 60 Tabs",Generic,60,300,2316,7.72,0.13,Mylan (formerly Matrix) Nashik,39,742.98,3.25
83560,"Congo, DRC",PMO - US,From RDC,N/A - From RDC,Air,16-Mar-12,3-Apr-12,ARV,Adult,SCMS from RDC,SKU0107,"Lamivudine/Tenofovir Disoproxil Fumarate 300/300mg, tablets, 30 Tabs",Generic,30,8,48.64,6.08,0.2,Mylan (formerly Matrix) Nashik,See DN-2504 (ID#:83559),See DN-2504 (ID#:83559),0.07
83561,"Congo, DRC",PMO - US,From RDC,N/A - From RDC,Air,16-Mar-12,14-Mar-12,ARV,Adult,SCMS from RDC,SKU0107,"Lamivudine/Tenofovir Disoproxil Fumarate 300/300mg, tablets, 30 Tabs",Generic,30,53,322.24,6.08,0.2,Mylan (formerly Matrix) Nashik,220,2110.2,0.45
83562,"Congo, DRC",PMO - US,From RDC,N/A - From RDC,Air,16-Mar-12,11-Apr-12,ARV,Pediatric,SCMS from RDC,SKU0126,"Nevirapine 10mg/ml, oral suspension w/syringe, Bottle, 240 ml",Generic,240,699,1363.05,1.95,0.01,"Aurobindo Unit III, India",See DN-2507 (ID#:82440),See DN-2507 (ID#:82440),1.91
83563,"Congo, DRC",PMO - US,From RDC,N/A - From RDC,Air,16-Mar-12,14-Mar-12,ARV,Pediatric,SCMS from RDC,SKU0126,"Nevirapine 10mg/ml, oral suspension w/syringe, Bottle, 240 ml",Generic,240,1090,2125.5,1.95,0.01,"Aurobindo Unit III, India",512,3438.2,2.98
83564,"Congo, DRC",PMO - US,From RDC,N/A - From RDC,Air,16-Mar-12,14-Mar-12,ARV,Adult,SCMS from RDC,SKU0014,"Zidovudine 300mg, tablets, 60 Tabs",Generic,60,1700,11934,7.02,0.12,Hetero Unit III Hyderabad IN,See DN-2511 (ID#:83563),See DN-2511 (ID#:83563),16.73
83565,"Congo, DRC",PMO - US,From RDC,N/A - From RDC,Air,16-Mar-12,14-Mar-12,ARV,Pediatric,SCMS from RDC,SKU0126,"Nevirapine 10mg/ml, oral suspension w/syringe, Bottle, 240 ml",Generic,240,2463,4802.85,1.95,0.01,"Aurobindo Unit III, India",See DN-2512 (ID#:82443),See DN-2512 (ID#:82443),6.73
83566,Zimbabwe,PMO - US,From RDC,N/A - From RDC,Truck,31-Jan-12,16-Feb-12,ARV,Adult,SCMS from RDC,SKU0107,"Lamivudine/Tenofovir Disoproxil Fumarate 300/300mg, tablets, 30 Tabs",Generic,30,17556,106740.48,6.08,0.2,Mylan (formerly Matrix) Nashik,1373,4777.08,176.12
83567,"Congo, DRC",PMO - US,From RDC,N/A - From RDC,Air,22-Mar-12,22-Mar-12,ARV,Adult,SCMS from RDC,SKU0003,"Lamivudine 150mg, tablets, 60 Tabs",Generic,60,67,156.11,2.33,0.04,Hetero Unit III Hyderabad IN,4,491.42,0.22
83568,Côte d'Ivoire,PMO - US,From RDC,N/A - From RDC,Truck,1-Mar-12,1-Mar-12,ARV,Pediatric,SCMS from RDC,SKU0126,"Nevirapine 10mg/ml, oral suspension w/syringe, Bottle, 240 ml",Generic,240,4448,8673.6,1.95,0.01,"Aurobindo Unit III, India",1663,1102.3,14.31
83569,Côte d'Ivoire,PMO - US,From RDC,N/A - From RDC,Air,21-May-12,1-Mar-12,ARV,Adult,SCMS from RDC,SKU0003,"Lamivudine 150mg, tablets, 60 Tabs",Generic,60,10350,24115.5,2.33,0.04,"Aurobindo Unit III, India",495,20548.8,33.81
83570,Côte d'Ivoire,PMO - US,From RDC,N/A - From RDC,Truck,12-Mar-12,24-Feb-12,ARV,Adult,SCMS from RDC,SKU0132,"Efavirenz/Emtricitabine/Tenofovir Disoproxil Fumarate 600/200/300mg, tablets, 30 Tabs",Generic,30,8922,149265.06,16.73,0.56,Mylan (formerly Matrix) Nashik,973,4466.99,246.29
83571,Côte d'Ivoire,PMO - US,From RDC,N/A - From RDC,Air,16-Apr-12,24-Feb-12,ARV,Adult,SCMS from RDC,SKU0132,"Efavirenz/Emtricitabine/Tenofovir Disoproxil Fumarate 600/200/300mg, tablets, 30 Tabs",Generic,30,7140,119452.2,16.73,0.56,Mylan (formerly Matrix) Nashik,779,4646.13,167.47
83572,Nigeria,PMO - US,From RDC,N/A - From RDC,Air Charter,20-Jun-12,16-Feb-12,ARV,Adult,SCMS from RDC,SKU0011,"Lamivudine/Zidovudine 150/300mg, tablets, 60 Tabs",Generic,60,99995,825958.7,8.26,0.14,"Aurobindo Unit III, India",11636,25231.96,1157.99
83573,Nigeria,PMO - US,From RDC,N/A - From RDC,Air Charter,20-Jun-12,16-Feb-12,ARV,Adult,SCMS from RDC,SKU0011,"Lamivudine/Zidovudine 150/300mg, tablets, 60 Tabs",Generic,60,15653,129293.78,8.26,0.14,"Cipla, Goa, India",See DN-2564 (ID#:83572),See DN-2564 (ID#:83572),181.27
83574,Nigeria,PMO - US,From RDC,N/A - From RDC,Air Charter,20-Jun-12,16-Feb-12,ARV,Adult,SCMS from RDC,SKU0026,"Efavirenz 600mg, tablets, 30 Tabs",Generic,30,91166,375603.92,4.12,0.14,"Strides, Bangalore, India.",6073,25231.96,526.6
83575,Guyana,PMO - US,From RDC,N/A - From RDC,Air,30-Mar-12,19-Mar-12,ARV,Adult,SCMS from RDC,SKU0058,"Abacavir 300mg, tablets, 60 Tabs",Generic,60,127,1858.01,14.63,0.24,Mylan (formerly Matrix) Nashik,25,211,2.6
83576,Mozambique,PMO - US,From RDC,N/A - From RDC,Truck,7-May-12,24-May-12,ARV,Adult,SCMS from RDC,SKU0054,"Lamivudine/Nevirapine/Zidovudine 150/200/300mg, tablets, 60 Tabs",Generic,60,20000,224400,11.22,0.19,Mylan (formerly Matrix) Nashik,See DN-2590 (ID#:83019),See DN-2590 (ID#:83019),370.26
83577,Burundi,PMO - US,From RDC,N/A - From RDC,Air,26-Apr-12,9-Apr-12,ARV,Pediatric,SCMS from RDC,SKU0117,"Zidovudine 10mg/ml, oral solution w/syringe, Bottle, 240 ml",Generic,240,180,378,2.1,0.01,"Aurobindo Unit III, India",327,5320.13,0.53
83578,Zimbabwe,PMO - US,From RDC,N/A - From RDC,Truck,18-Apr-12,10-Apr-12,ARV,Adult,SCMS from RDC,SKU0014,"Zidovudine 300mg, tablets, 60 Tabs",Generic,60,31263,219466.26,7.02,0.12,Hetero Unit III Hyderabad IN,1616,3489.53,362.12
83579,Zambia,PMO - US,From RDC,N/A - From RDC,Truck,15-May-12,16-Apr-12,ARV,Adult,SCMS from RDC,SKU0044,"Lamivudine/Nevirapine/Stavudine 150/200/30mg, tablets, 60 Tabs",Generic,60,50000,269000,5.38,0.09,"Strides, Bangalore, India.",10381,8510.81,443.85
83580,Uganda,PMO - US,From RDC,N/A - From RDC,Truck,16-May-12,27-Mar-12,ARV,Adult,SCMS from RDC,SKU0054,"Lamivudine/Nevirapine/Zidovudine 150/200/300mg, tablets, 60 Tabs",Generic,60,71568,787248,11,0.18,"Strides, Bangalore, India.",11441,55175.61,1298.96
83581,Mozambique,PMO - US,From RDC,N/A - From RDC,Truck,7-May-12,10-May-12,ARV,Adult,SCMS from RDC,SKU0054,"Lamivudine/Nevirapine/Zidovudine 150/200/300mg, tablets, 60 Tabs",Generic,60,100000,1122000,11.22,0.19,"Cipla, Goa, India",See DN-2616 (ID#:83024),See DN-2616 (ID#:83024),1851.3
83583,Zimbabwe,PMO - US,From RDC,N/A - From RDC,Truck,17-Apr-12,7-May-12,ARV,Adult,SCMS from RDC,SKU0007,"Nevirapine 200mg, tablets, 60 Tabs",Generic,60,52164,134583.12,2.58,0.04,"Aurobindo Unit VII, IN",12347,16978.83,222.06
83584,Zambia,PMO - US,From RDC,N/A - From RDC,Truck,15-May-12,30-Apr-12,ARV,Adult,SCMS from RDC,SKU0011,"Lamivudine/Zidovudine 150/300mg, tablets, 60 Tabs",Generic,60,152458,1219664,8,0.13,Mylan (formerly Matrix) Nashik,28103,36650.58,2012.45
83585,Rwanda,PMO - US,From RDC,N/A - From RDC,Air,9-Aug-12,17-Apr-12,ARV,Pediatric,SCMS from RDC,SKU0049,"Efavirenz 50mg, capsule, 30 Caps",Generic,30,1092,2446.08,2.24,0.07,"Aurobindo Unit III, India",7,805.58,4.04
83586,Tanzania,PMO - US,From RDC,N/A - From RDC,Truck,31-May-12,16-May-12,ARV,Pediatric,SCMS from RDC,SKU0093,"Lamivudine/Nevirapine/Stavudine 30/50/6mg, dispersible tablets, 60 Tabs",Generic,60,15855,39478.95,2.49,0.04,"Cipla, Goa, India",1380,4553.1,65.14
83587,Burundi,PMO - US,From RDC,N/A - From RDC,Air,26-Apr-12,4-May-12,ARV,Adult,SCMS from RDC,SKU0011,"Lamivudine/Zidovudine 150/300mg, tablets, 60 Tabs",Generic,60,1728,13824,8,0.13,Hetero Unit III Hyderabad IN,Weight Captured Separately,Invoiced Separately,19.38
83588,Dominican Republic,PMO - US,From RDC,N/A - From RDC,Air,21-May-12,16-May-12,ARV,Adult,SCMS from RDC,SKU0058,"Abacavir 300mg, tablets, 60 Tabs",Generic,60,1850,24327.5,13.15,0.22,Mylan (formerly Matrix) Nashik,630,7519.8,34.11
83589,Libya,PMO - US,From RDC,N/A - From RDC,Air,6-Jun-12,8-May-12,ARV,Adult,SCMS from RDC,SKU0058,"Abacavir 300mg, tablets, 60 Tabs",Generic,60,4250,55887.5,13.15,0.22,Mylan (formerly Matrix) Nashik,437,3062.18,78.35
83590,Côte d'Ivoire,PMO - US,From RDC,N/A - From RDC,Air,30-May-12,30-May-12,ARV,Adult,SCMS from RDC,SKU0058,"Abacavir 300mg, tablets, 60 Tabs",Generic,60,9995,131434.25,13.15,0.22,"Aurobindo Unit III, India",See DN-2652 (ID#:82477),See DN-2652 (ID#:82477),184.27
83591,Mozambique,PMO - US,From RDC,N/A - From RDC,Truck,3-Jul-12,28-Jun-12,ARV,Adult,SCMS from RDC,SKU0054,"Lamivudine/Nevirapine/Zidovudine 150/200/300mg, tablets, 60 Tabs",Generic,60,200000,2058000,10.29,0.17,Mylan (formerly Matrix) Nashik,See DN-2663 (ID#:82478),See DN-2663 (ID#:82478),2885.32
83592,Uganda,PMO - US,From RDC,N/A - From RDC,Truck,4-Jul-12,8-Jun-12,ARV,Adult,SCMS from RDC,SKU0007,"Nevirapine 200mg, tablets, 60 Tabs",Generic,60,8333,20332.52,2.44,0.04,"Strides, Bangalore, India.",479,4358.72,28.51
83643,Uganda,PMO - US,From RDC,N/A - From RDC,Air,1-Feb-13,1-Feb-13,ARV,Adult,SCMS from RDC,SKU0011,"Lamivudine/Zidovudine 150/300mg, tablets, 60 Tabs",Generic,60,1470,11348.4,7.72,0.13,Hetero Unit III Hyderabad IN,See DN-2951 (ID#:82532),See DN-2951 (ID#:82532),15.91
83593,Zimbabwe,PMO - US,From RDC,N/A - From RDC,Truck,11-Dec-12,27-Jun-12,ARV,Adult,SCMS from RDC,SKU0054,"Lamivudine/Nevirapine/Zidovudine 150/200/300mg, tablets, 60 Tabs",Generic,60,11574,119096.46,10.29,0.17,Mylan (formerly Matrix) Nashik,See DN-2695 (ID#:83043),See DN-2695 (ID#:83043),196.51
83594,Côte d'Ivoire,PMO - US,From RDC,N/A - From RDC,Air Charter,2-Jul-12,15-Jun-12,ARV,Adult,SCMS from RDC,SKU0162,"Abacavir/Lamivudine 600/300mg, scored tablets, 30 Tabs",Generic,30,2340,52650,22.5,0.75,Mylan (formerly Matrix) Nashik,263,2330.21,73.82
83595,Nigeria,PMO - US,From RDC,N/A - From RDC,Air Charter,20-Jun-12,3-Jun-12,ARV,Adult,SCMS from RDC,SKU0105,"Emtricitabine/Tenofovir Disoproxil Fumarate 200/300mg, tablets, 30 Tabs",Generic,30,8257,66386.28,8.04,0.27,"Aurobindo Unit III, India",814,17090,93.07
83596,Côte d'Ivoire,PMO - US,From RDC,N/A - From RDC,Truck,16-Jul-12,18-Jun-12,ARV,Adult,SCMS from RDC,SKU0029,"Tenofovir Disoproxil Fumarate 300mg, tablets, 30 Tabs",Generic,30,4000,22000,5.5,0.18,"Aurobindo Unit III, India",372,2333.91,30.84
83597,Côte d'Ivoire,PMO - US,From RDC,N/A - From RDC,Air,16-Jul-12,3-Jul-12,ARV,Adult,SCMS from RDC,SKU0125,"Abacavir/Lamivudine/Zidovudine 300/150/300mg, tablets, 60 Tabs",Generic,60,1200,36000,30,0.5,Mylan (formerly Matrix) Nashik,464,2394.27,50.47
83598,Mozambique,PMO - US,From RDC,N/A - From RDC,Truck,7-Aug-12,24-Jul-12,ARV,Adult,SCMS from RDC,SKU0003,"Lamivudine 150mg, tablets, 60 Tabs",Generic,60,2268,5284.44,2.33,0.04,"Strides, Bangalore, India.",741,5716.86,7.41
83599,Uganda,PMO - US,From RDC,N/A - From RDC,Air,11-Jul-12,29-Jun-12,ARV,Adult,SCMS from RDC,SKU0135,"Lopinavir/Ritonavir 200/50mg, tablets, 120 Tabs",Generic,120,4001,118749.68,29.68,0.25,"Aurobindo Unit III, India",972,17102.56,166.49
83600,Nigeria,PMO - US,From RDC,N/A - From RDC,Air Charter,2-Aug-12,9-Jul-12,ARV,Adult,SCMS from RDC,SKU0026,"Efavirenz 600mg, tablets, 30 Tabs",Generic,30,840,3200.4,3.81,0.13,"Strides, Bangalore, India.",See DN-2729 (ID#:82487),See DN-2729 (ID#:82487),4.49
83601,Zambia,PMO - US,From RDC,N/A - From RDC,Truck,30-Jul-12,30-Jul-12,ARV,Adult,SCMS from RDC,SKU0132,"Efavirenz/Emtricitabine/Tenofovir Disoproxil Fumarate 600/200/300mg, tablets, 30 Tabs",Generic,30,190000,2857600,15.04,0.5,Mylan (formerly Matrix) Nashik,21534,13914.56,4006.36
83602,Rwanda,PMO - US,From RDC,N/A - From RDC,Air,3-Sep-12,12-Jul-12,ARV,Adult,SCMS from RDC,SKU0107,"Lamivudine/Tenofovir Disoproxil Fumarate 300/300mg, tablets, 30 Tabs",Generic,30,35000,193900,5.54,0.18,Mylan (formerly Matrix) Nashik,2657,14332,271.85
83603,Mozambique,PMO - US,From RDC,N/A - From RDC,Truck,2-Oct-12,22-Aug-12,ARV,Adult,SCMS from RDC,SKU0014,"Zidovudine 300mg, tablets, 60 Tabs",Generic,60,24530,172200.6,7.02,0.12,Mylan (formerly Matrix) Nashik,1380,6483.81,241.43
83604,Côte d'Ivoire,PMO - US,From RDC,N/A - From RDC,Air,31-Jul-12,31-Jul-12,ARV,Adult,SCMS from RDC,SKU0054,"Lamivudine/Nevirapine/Zidovudine 150/200/300mg, tablets, 60 Tabs",Generic,60,20000,196200,9.81,0.16,"Strides, Bangalore, India.",See DN-2754 (ID#:82491),See DN-2754 (ID#:82491),275.07
83605,Rwanda,PMO - US,From RDC,N/A - From RDC,Air,16-Aug-12,16-Aug-12,ARV,Adult,SCMS from RDC,SKU0029,"Tenofovir Disoproxil Fumarate 300mg, tablets, 30 Tabs",Generic,30,720,3470.4,4.82,0.16,Mylan (formerly Matrix) Nashik,49,1110.19,4.87
83606,Tanzania,PMO - US,From RDC,N/A - From RDC,Truck,31-Aug-12,22-Aug-12,ARV,Adult,SCMS from RDC,SKU0135,"Lopinavir/Ritonavir 200/50mg, tablets, 120 Tabs",Generic,120,25024,733453.44,29.31,0.24,Mylan (formerly Matrix) Nashik,30606,9601.38,1028.3
83607,Nigeria,PMO - US,From RDC,N/A - From RDC,Air Charter,2-Aug-12,24-Jul-12,ARV,Adult,SCMS from RDC,SKU0107,"Lamivudine/Tenofovir Disoproxil Fumarate 300/300mg, tablets, 30 Tabs",Generic,30,1161,6431.94,5.54,0.18,"Cipla, Kurkumbh, India",2566,16532.5,9.02
83608,Nigeria,PMO - US,From RDC,N/A - From RDC,Air Charter,2-Aug-12,24-Jul-12,ARV,Adult,SCMS from RDC,SKU0007,"Nevirapine 200mg, tablets, 60 Tabs",Generic,60,50000,125500,2.51,0.04,Mylan (formerly Matrix) Nashik,14810,16532.5,175.95
83609,Uganda,PMO - US,From RDC,N/A - From RDC,Air,30-Oct-12,30-Oct-12,ARV,Adult,SCMS from RDC,SKU0107,"Lamivudine/Tenofovir Disoproxil Fumarate 300/300mg, tablets, 30 Tabs",Generic,30,39600,219384,5.54,0.18,Mylan (formerly Matrix) Nashik,See DN-2781 (ID#:83061),See DN-2781 (ID#:83061),307.58
83610,Rwanda,PMO - US,From RDC,N/A - From RDC,Air,28-Sep-12,17-Aug-12,ARV,Adult,SCMS from RDC,SKU0011,"Lamivudine/Zidovudine 150/300mg, tablets, 60 Tabs",Generic,60,29880,232466.4,7.78,0.13,"Aurobindo Unit III, India",2699,16152,325.92
83611,Nigeria,PMO - US,From RDC,N/A - From RDC,Air Charter,2-Aug-12,24-Jul-12,ARV,Adult,SCMS from RDC,SKU0007,"Nevirapine 200mg, tablets, 60 Tabs",Generic,60,79235,198879.85,2.51,0.04,"Aurobindo Unit III, India",See DN-2773 (ID#:83608),See DN-2773 (ID#:83608),278.83
83612,Rwanda,PMO - US,From RDC,N/A - From RDC,Air,3-Oct-12,17-Aug-12,ARV,Adult,SCMS from RDC,SKU0104,"Lamivudine/Stavudine 150/30mg, tablets, 60 Tabs",Generic,60,7300,21535,2.95,0.05,"Strides, Bangalore, India.",375,2719.63,30.19
83613,Zimbabwe,PMO - US,From RDC,N/A - From RDC,Truck,11-Dec-12,4-Sep-12,ARV,Adult,SCMS from RDC,SKU0007,"Nevirapine 200mg, tablets, 60 Tabs",Generic,60,58074,140539.08,2.42,0.04,Hetero Unit III Hyderabad IN,4687,8832.53,231.89
83614,Zimbabwe,PMO - US,From RDC,N/A - From RDC,Truck,11-Dec-12,4-Sep-12,ARV,Adult,SCMS from RDC,SKU0104,"Lamivudine/Stavudine 150/30mg, tablets, 60 Tabs",Generic,60,7150,21092.5,2.95,0.05,"Strides, Bangalore, India.",See DN-2804 (ID#:82499),See DN-2804 (ID#:82499),34.8
83615,Rwanda,PMO - US,From RDC,N/A - From RDC,Air,31-Aug-12,21-Aug-12,ARV,Pediatric,SCMS from RDC,SKU0126,"Nevirapine 10mg/ml, oral suspension w/syringe, Bottle, 240 ml",Generic,240,33792,65894.4,1.95,0.01,"Aurobindo Unit III, India",12605,72991.45,92.38
83616,Côte d'Ivoire,PMO - US,From RDC,N/A - From RDC,Truck,17-Sep-12,27-Aug-12,ARV,Adult,SCMS from RDC,SKU0135,"Lopinavir/Ritonavir 200/50mg, tablets, 120 Tabs",Generic,120,25597,750248.07,29.31,0.24,Mylan (formerly Matrix) Nashik,9790,20786.04,1051.85
83617,"Congo, DRC",PMO - US,From RDC,N/A - From RDC,Air,14-Feb-13,14-Feb-13,ARV,Adult,SCMS from RDC,SKU0014,"Zidovudine 300mg, tablets, 60 Tabs",Generic,60,6369,43054.44,6.76,0.11,"Aurobindo Unit III, India",See DN-2812 (ID#:83068),See DN-2812 (ID#:83068),60.36
83618,"Congo, DRC",PMO - US,From RDC,N/A - From RDC,Air,14-Feb-13,14-Feb-13,ARV,Adult,SCMS from RDC,SKU0107,"Lamivudine/Tenofovir Disoproxil Fumarate 300/300mg, tablets, 30 Tabs",Generic,30,369,1977.84,5.36,0.18,Mylan (formerly Matrix) Nashik,See DN-2812 (ID#:83068),See DN-2812 (ID#:83068),2.77
83619,"Congo, DRC",PMO - US,From RDC,N/A - From RDC,Air,14-Feb-13,14-Feb-13,ARV,Pediatric,SCMS from RDC,SKU0126,"Nevirapine 10mg/ml, oral suspension w/syringe, Bottle, 240 ml",Generic,240,6172,12035.4,1.95,0.01,"Aurobindo Unit III, India",See DN-2812 (ID#:83068),See DN-2812 (ID#:83068),16.87
83620,Zimbabwe,PMO - US,From RDC,N/A - From RDC,Truck,31-Aug-12,11-Sep-12,ARV,Pediatric,SCMS from RDC,SKU0145,"Abacavir 20mg/ml, oral solution w/syringe, Bottle, 240 ml",Generic,240,100,1250,12.5,0.05,"Aurobindo Unit III, India",37,588.71,1.75
83621,Zambia,PMO - US,From RDC,N/A - From RDC,Truck,28-Sep-12,7-Sep-12,ARV,Adult,SCMS from RDC,SKU0132,"Efavirenz/Emtricitabine/Tenofovir Disoproxil Fumarate 600/200/300mg, tablets, 30 Tabs",Generic,30,60000,902400,15.04,0.5,Mylan (formerly Matrix) Nashik,6801,7317.47,1265.16
83622,Haiti,PMO - US,From RDC,N/A - From RDC,Air,28-Sep-12,11-Sep-12,ARV,Pediatric,SCMS from RDC,SKU0117,"Zidovudine 10mg/ml, oral solution w/syringe, Bottle, 240 ml",Generic,240,4000,8400,2.1,0.01,"Aurobindo Unit III, India",1596,16840.67,11.78
83623,South Sudan,PMO - US,From RDC,N/A - From RDC,Air,18-Oct-12,3-Oct-12,ARV,Pediatric,SCMS from RDC,SKU0126,"Nevirapine 10mg/ml, oral suspension w/syringe, Bottle, 240 ml",Generic,240,4320,8424,1.95,0.01,"Aurobindo Unit III, India",1624,15446.4,11.81
83625,Côte d'Ivoire,PMO - US,From RDC,N/A - From RDC,Truck,30-Nov-12,5-Oct-12,ARV,Adult,SCMS from RDC,SKU0029,"Tenofovir Disoproxil Fumarate 300mg, tablets, 30 Tabs",Generic,30,2832,13650.24,4.82,0.16,Mylan (formerly Matrix) Nashik,159,1984.83,19.14
83627,Tanzania,PMO - US,From RDC,N/A - From RDC,Truck,18-Oct-12,31-Oct-12,ARV,Adult,SCMS from RDC,SKU0132,"Efavirenz/Emtricitabine/Tenofovir Disoproxil Fumarate 600/200/300mg, tablets, 30 Tabs",Generic,30,152880,2198414.4,14.38,0.48,Mylan (formerly Matrix) Nashik,17227,7134.39,3082.18
83628,Uganda,PMO - US,From RDC,N/A - From RDC,Air,17-Oct-12,11-Oct-12,ARV,Adult,SCMS from RDC,SKU0026,"Efavirenz 600mg, tablets, 30 Tabs",Generic,30,33373,121477.72,3.64,0.12,"Aurobindo Unit III, India",2870,14974.6,170.31
83629,Zimbabwe,PMO - US,From RDC,N/A - From RDC,Truck,31-Oct-12,18-Oct-12,ARV,Adult,SCMS from RDC,SKU0011,"Lamivudine/Zidovudine 150/300mg, tablets, 60 Tabs",Generic,60,69990,540322.8,7.72,0.13,"Cipla, Goa, India",6408,Freight Included in Commodity Cost,757.53
83630,Tanzania,PMO - US,From RDC,N/A - From RDC,Truck,30-Nov-12,31-Oct-12,ARV,Adult,SCMS from RDC,SKU0135,"Lopinavir/Ritonavir 200/50mg, tablets, 120 Tabs",Generic,120,22920,611964,26.7,0.22,Mylan (formerly Matrix) Nashik,12181,7134.39,857.97
83631,Tanzania,PMO - US,From RDC,N/A - From RDC,Truck,30-Nov-12,6-Nov-12,ARV,Pediatric,SCMS from RDC,SKU0108,"Lamivudine/Nevirapine/Stavudine 60/100/12mg, dispersible tablets, 60 Tabs",Generic,60,844,3629.2,4.3,0.07,"Cipla, Goa, India",466,1696,5.09
83632,Nigeria,PMO - US,From RDC,N/A - From RDC,Air,6-Nov-12,6-Nov-12,ARV,Adult,SCMS from RDC,SKU0107,"Lamivudine/Tenofovir Disoproxil Fumarate 300/300mg, tablets, 30 Tabs",Generic,30,41514,222515.04,5.36,0.18,"Cipla, Kurkumbh, India",4052,15459.09,311.97
83633,Nigeria,PMO - US,From RDC,N/A - From RDC,Air,6-Nov-12,6-Nov-12,ARV,Adult,SCMS from RDC,SKU0113,"Efavirenz/Lamivudine/Tenofovir Disoproxil Fumarate 600/300/300mg, tablets, 30 Tabs",Generic,30,31560,418801.2,13.27,0.44,Mylan (formerly Matrix) Nashik,3856,15459.09,587.16
83634,Nigeria,PMO - US,From RDC,N/A - From RDC,Air,6-Nov-12,6-Nov-12,ARV,Adult,SCMS from RDC,SKU0058,"Abacavir 300mg, tablets, 60 Tabs",Generic,60,11837,153407.52,12.96,0.22,Mylan (formerly Matrix) Nashik,1319,15459.09,215.08
83635,Zimbabwe,PMO - US,From RDC,N/A - From RDC,Truck,19-Nov-12,19-Nov-12,ARV,Pediatric,SCMS from RDC,SKU0131,"Lamivudine/Zidovudine 30/60mg, tablets, 60 Tabs",Generic,60,19733,54463.08,2.76,0.05,"Aurobindo Unit III, India",See DN-2914 (ID#:83089),See DN-2914 (ID#:83089),76.36
83636,Uganda,PMO - US,From RDC,N/A - From RDC,Air,3-Jan-13,28-Nov-12,ARV,Adult,SCMS from RDC,SKU0026,"Efavirenz 600mg, tablets, 30 Tabs",Generic,30,4938,17974.32,3.64,0.12,"Aurobindo Unit III, India",430,2154,25.2
83637,Mozambique,PMO - US,From RDC,N/A - From RDC,Truck,11-Jan-13,11-Jan-13,ARV,Adult,SCMS from RDC,SKU0007,"Nevirapine 200mg, tablets, 60 Tabs",Generic,60,1890,4573.8,2.42,0.04,"Aurobindo Unit III, India",4145,7433.02,6.41
83638,Haiti,PMO - US,From RDC,N/A - From RDC,Air,3-Dec-12,16-Nov-12,ARV,Adult,SCMS from RDC,SKU0026,"Efavirenz 600mg, tablets, 30 Tabs",Generic,30,19656,71547.84,3.64,0.12,"Aurobindo Unit III, India",1679,18028.41,88.5
83639,Zimbabwe,PMO - US,From RDC,N/A - From RDC,Truck,14-Dec-12,11-Dec-12,ARV,Pediatric,SCMS from RDC,SKU0140,"Lamivudine/Nevirapine/Zidovudine 30/50/60mg, dispersible tablets, 60 Tabs",Generic,60,135933,564121.95,4.15,0.07,Mylan (formerly Matrix) Nashik,See DN-2942 (ID#:82530),See DN-2942 (ID#:82530),790.9
83640,Nigeria,PMO - US,From RDC,N/A - From RDC,Air,4-Dec-12,4-Dec-12,ARV,Adult,SCMS from RDC,SKU0011,"Lamivudine/Zidovudine 150/300mg, tablets, 60 Tabs",Generic,60,187168,1444936.96,7.72,0.13,"Aurobindo Unit III, India",18234,51090,2025.8
83641,Côte d'Ivoire,PMO - US,From RDC,N/A - From RDC,Truck,14-Dec-12,30-Nov-12,ARV,Adult,SCMS from RDC,SKU0011,"Lamivudine/Zidovudine 150/300mg, tablets, 60 Tabs",Generic,60,90000,694800,7.72,0.13,Mylan (formerly Matrix) Nashik,10611,38492.46,974.11
83642,Nigeria,PMO - US,From RDC,N/A - From RDC,Air,4-Dec-12,4-Dec-12,ARV,Adult,SCMS from RDC,SKU0054,"Lamivudine/Nevirapine/Zidovudine 150/200/300mg, tablets, 60 Tabs",Generic,60,204417,1966491.54,9.62,0.16,Hetero Unit III Hyderabad IN,50634,51090,2757.02
83644,Côte d'Ivoire,PMO - US,From RDC,N/A - From RDC,Truck,31-Jan-13,25-Jan-12,ARV,Adult,SCMS from RDC,SKU0054,"Lamivudine/Nevirapine/Zidovudine 150/200/300mg, tablets, 60 Tabs",Generic,60,9577,92130.74,9.62,0.16,"Aurobindo Unit III, India",6889,24138.35,129.17
83645,Zimbabwe,PMO - US,From RDC,N/A - From RDC,Truck,21-Dec-12,13-Dec-12,ARV,Adult,SCMS from RDC,SKU0026,"Efavirenz 600mg, tablets, 30 Tabs",Generic,30,252,897.12,3.56,0.12,"Emcure Plot No.P-2, I.T-B.T. Park, Phase II, MIDC, Hinjwadi, Pune, India",See DN-2975 (ID#:82536),See DN-2975 (ID#:82536),1.26
83646,Angola,PMO - US,From RDC,N/A - From RDC,Air,20-May-13,20-May-13,ARV,Pediatric,SCMS from RDC,SKU0145,"Abacavir 20mg/ml, oral solution w/syringe, Bottle, 240 ml",Generic,240,480,6000,12.5,0.05,"Aurobindo Unit III, India",173,2322.47,7.42
83647,"Congo, DRC",PMO - US,From RDC,N/A - From RDC,Air,11-Sep-13,11-Sep-13,ARV,Adult,SCMS from RDC,SKU0135,"Lopinavir/Ritonavir 200/50mg, tablets, 120 Tabs",Generic,120,159,3936.84,24.76,0.21,"Aurobindo Unit III, India",See DN-2981 (ID#:82538),See DN-2981 (ID#:82538),4.87
83648,Nigeria,PMO - US,From RDC,N/A - From RDC,Air Charter,11-Feb-13,11-Feb-13,ARV,Adult,SCMS from RDC,SKU0132,"Efavirenz/Emtricitabine/Tenofovir Disoproxil Fumarate 600/200/300mg, tablets, 30 Tabs",Generic,30,98791,1352448.79,13.69,0.46,Mylan (formerly Matrix) Nashik,12135,29780.5,1896.13
83649,Nigeria,PMO - US,From RDC,N/A - From RDC,Air Charter,11-Feb-13,11-Feb-13,ARV,Adult,SCMS from RDC,SKU0029,"Tenofovir Disoproxil Fumarate 300mg, tablets, 30 Tabs",Generic,30,7395,29875.8,4.04,0.13,Mylan (formerly Matrix) Nashik,779,29780.5,41.89
83650,Uganda,PMO - US,From RDC,N/A - From RDC,Air,22-Feb-13,28-Feb-13,ARV,Adult,SCMS from RDC,SKU0054,"Lamivudine/Nevirapine/Zidovudine 150/200/300mg, tablets, 60 Tabs",Generic,60,39792,356934.24,8.97,0.15,"Aurobindo Unit III, India",4658,41595.5,441.53
83651,Uganda,PMO - US,From RDC,N/A - From RDC,Air,22-Feb-13,20-Feb-13,ARV,Adult,SCMS from RDC,SKU0026,"Efavirenz 600mg, tablets, 30 Tabs",Generic,30,24966,88878.96,3.56,0.12,"Strides, Bangalore, India.",5391,28382.05,109.94
83652,Zimbabwe,PMO - US,From RDC,N/A - From RDC,Truck,21-Feb-13,4-Feb-13,ARV,Pediatric,SCMS from RDC,SKU0126,"Nevirapine 10mg/ml, oral suspension w/syringe, Bottle, 240 ml",Generic,240,62500,121875,1.95,0.01,"Aurobindo Unit III, India",23176,17308.69,150.76
83653,Côte d'Ivoire,PMO - US,From RDC,N/A - From RDC,Truck,28-Feb-13,26-Feb-13,ARV,Adult,SCMS from RDC,SKU0113,"Efavirenz/Lamivudine/Tenofovir Disoproxil Fumarate 600/300/300mg, tablets, 30 Tabs",Generic,30,14406,174456.66,12.11,0.4,Mylan (formerly Matrix) Nashik,1639,7690.06,244.59
83654,Mozambique,PMO - US,From RDC,N/A - From RDC,Truck,1-Apr-13,22-Mar-13,ARV,Adult,SCMS from RDC,SKU0007,"Nevirapine 200mg, tablets, 60 Tabs",Generic,60,1820,4204.2,2.31,0.04,Hetero Unit III Hyderabad IN,See DN-3012 (ID#:83107),See DN-3012 (ID#:83107),5.2
83655,Haiti,PMO - US,From RDC,N/A - From RDC,Air,9-Apr-13,3-Jan-13,ARV,Pediatric,SCMS from RDC,SKU0070,"Lamivudine/Stavudine 30/6mg, dispersible tablets, 60 Tabs",Generic,60,888,1687.2,1.9,0.03,"Cipla, Goa, India",119,1896.49,2.09
83656,Haiti,PMO - US,From RDC,N/A - From RDC,Air,23-Apr-13,14-Mar-13,ARV,Adult,SCMS from RDC,SKU0113,"Efavirenz/Lamivudine/Tenofovir Disoproxil Fumarate 600/300/300mg, tablets, 30 Tabs",Generic,30,15890,192427.9,12.11,0.4,Mylan (formerly Matrix) Nashik,1807,30844.1,238.03
83657,Zimbabwe,PMO - US,From RDC,N/A - From RDC,Truck,14-Mar-13,14-Mar-13,ARV,Adult,SCMS from RDC,SKU0026,"Efavirenz 600mg, tablets, 30 Tabs",Generic,30,48960,163036.8,3.33,0.11,"Strides, Bangalore, India.",See DN-3030 (ID#:82549),See DN-3030 (ID#:82549),228.58
83658,Zimbabwe,PMO - US,From RDC,N/A - From RDC,Truck,31-Mar-13,14-Mar-13,ARV,Adult,SCMS from RDC,SKU0026,"Efavirenz 600mg, tablets, 30 Tabs",Generic,30,4800,15984,3.33,0.11,"Hetero, Jadcherla, unit 5, IN",3082,9405.8,19.77
83659,Uganda,PMO - US,From RDC,N/A - From RDC,Air,15-Mar-13,1-Mar-13,ARV,Adult,SCMS from RDC,SKU0162,"Abacavir/Lamivudine 600/300mg, scored tablets, 30 Tabs",Generic,30,5009,69925.64,13.96,0.47,Mylan (formerly Matrix) Nashik,467,6637.16,86.5
83660,Haiti,PMO - US,From RDC,N/A - From RDC,Air,30-Apr-13,21-Mar-13,ARV,Pediatric,SCMS from RDC,SKU0093,"Lamivudine/Nevirapine/Stavudine 30/50/6mg, dispersible tablets, 60 Tabs",Generic,60,619,1423.7,2.3,0.04,"Cipla, Goa, India",See DN-3044 (ID#:83116),See DN-3044 (ID#:83116),1.76
83661,Haiti,PMO - US,From RDC,N/A - From RDC,Air,9-Apr-13,14-Mar-13,ARV,Adult,SCMS from RDC,SKU0135,"Lopinavir/Ritonavir 200/50mg, tablets, 120 Tabs",Generic,120,6160,152521.6,24.76,0.21,Mylan (formerly Matrix) Nashik,See DN-3015 (ID#:82554),See DN-3015 (ID#:82554),188.67
83662,Haiti,PMO - US,From RDC,N/A - From RDC,Air,9-Apr-13,14-Mar-13,ARV,Pediatric,SCMS from RDC,SKU0126,"Nevirapine 10mg/ml, oral suspension w/syringe, Bottle, 240 ml",Generic,240,1716,3346.2,1.95,0.01,"Aurobindo Unit III, India",See DN-3015 (ID#:82554),See DN-3015 (ID#:82554),4.14
83663,Uganda,PMO - US,From RDC,N/A - From RDC,Air,9-Mar-13,7-Mar-13,ARV,Adult,SCMS from RDC,SKU0113,"Efavirenz/Lamivudine/Tenofovir Disoproxil Fumarate 600/300/300mg, tablets, 30 Tabs",Generic,30,5277,63904.47,12.11,0.4,Mylan (formerly Matrix) Nashik,1366,8507.01,79.05
83664,Zimbabwe,PMO - US,From RDC,N/A - From RDC,Truck,30-Apr-13,23-Mar-13,ARV,Pediatric,SCMS from RDC,SKU0138,"Abacavir/Lamivudine 60/30mg, tablets, 60 Tabs",Generic,60,2599,11955.4,4.6,0.08,"Aurobindo Unit III, India",120,1800,14.79
83665,Guyana,PMO - US,From RDC,N/A - From RDC,Air,3-Apr-13,15-Mar-13,ARV,Pediatric,SCMS from RDC,SKU0130,"Lamivudine 10mg/ml, oral solution w/syringe, Bottle, 240 ml",Generic,240,238,440.3,1.85,0.01,"Aurobindo Unit III, India",76,2180,0.54
83666,Guyana,PMO - US,From RDC,N/A - From RDC,Air,18-Apr-13,15-Mar-13,ARV,Adult,SCMS from RDC,SKU0058,"Abacavir 300mg, tablets, 60 Tabs",Generic,60,182,2358.72,12.96,0.22,Mylan (formerly Matrix) Nashik,See DN-3060 (ID#:83121),See DN-3060 (ID#:83121),2.92
83667,Côte d'Ivoire,PMO - US,From RDC,N/A - From RDC,Truck,31-May-13,29-Apr-13,ARV,Pediatric,SCMS from RDC,SKU0140,"Lamivudine/Nevirapine/Zidovudine 30/50/60mg, dispersible tablets, 60 Tabs",Generic,60,5701,23659.15,4.15,0.07,Mylan (formerly Matrix) Nashik,335,2527.41,33.17
83668,Mozambique,PMO - US,From RDC,N/A - From RDC,Truck,1-Jul-13,16-Apr-13,ARV,Adult,SCMS from RDC,SKU0003,"Lamivudine 150mg, tablets, 60 Tabs",Generic,60,2890,5751.1,1.99,0.03,Hetero Unit III Hyderabad IN,168,4120.69,7.11
83670,Haiti,PMO - US,From RDC,N/A - From RDC,Air,23-Apr-13,2-Apr-13,ARV,Adult,SCMS from RDC,SKU0113,"Efavirenz/Lamivudine/Tenofovir Disoproxil Fumarate 600/300/300mg, tablets, 30 Tabs",Generic,30,22000,266420,12.11,0.4,Mylan (formerly Matrix) Nashik,2435,25984.75,329.56
83671,Burundi,PMO - US,From RDC,N/A - From RDC,Air,2-May-13,10-May-13,ARV,Pediatric,SCMS from RDC,SKU0117,"Zidovudine 10mg/ml, oral solution w/syringe, Bottle, 240 ml",Generic,240,574,1205.4,2.1,0.01,"Aurobindo Unit III, India",422,5384.96,1.49
83672,Tanzania,PMO - US,From RDC,N/A - From RDC,Truck,31-May-13,14-May-13,ARV,Adult,SCMS from RDC,SKU0135,"Lopinavir/Ritonavir 200/50mg, tablets, 120 Tabs",Generic,120,12837,317844.12,24.76,0.21,"Aurobindo Unit III, India",4613,3592.8,393.17
83673,Tanzania,PMO - US,From RDC,N/A - From RDC,Truck,31-May-13,22-Apr-13,ARV,Adult,SCMS from RDC,SKU0105,"Emtricitabine/Tenofovir Disoproxil Fumarate 200/300mg, tablets, 30 Tabs",Generic,30,24042,145934.94,6.07,0.2,Mylan (formerly Matrix) Nashik,2006,3300.95,204.6
83674,Uganda,PMO - US,From RDC,N/A - From RDC,Truck,8-May-13,9-May-13,ARV,Adult,SCMS from RDC,SKU0054,"Lamivudine/Nevirapine/Zidovudine 150/200/300mg, tablets, 60 Tabs",Generic,60,15795,135521.1,8.58,0.14,Hetero Unit III Hyderabad IN,2234,6582.95,167.64
83675,Uganda,PMO - US,From RDC,N/A - From RDC,Air,30-Apr-13,9-May-13,ARV,Adult,SCMS from RDC,SKU0113,"Efavirenz/Lamivudine/Tenofovir Disoproxil Fumarate 600/300/300mg, tablets, 30 Tabs",Generic,30,52127,548376.04,10.52,0.35,Hetero Unit III Hyderabad IN,6874,16177.09,678.34
83676,Uganda,PMO - US,From RDC,N/A - From RDC,Air,30-Apr-13,9-May-13,ARV,Adult,SCMS from RDC,SKU0113,"Efavirenz/Lamivudine/Tenofovir Disoproxil Fumarate 600/300/300mg, tablets, 30 Tabs",Generic,30,17310,182101.2,10.52,0.35,Hetero Unit III Hyderabad IN,2291,10542.15,225.26
83677,Uganda,PMO - US,From RDC,N/A - From RDC,Air,9-Aug-13,9-Aug-13,ARV,Adult,SCMS from RDC,SKU0107,"Lamivudine/Tenofovir Disoproxil Fumarate 300/300mg, tablets, 30 Tabs",Generic,30,30685,144219.5,4.7,0.16,Hetero Unit III Hyderabad IN,5426,6506.75,178.4
83678,South Sudan,PMO - US,From RDC,N/A - From RDC,Air,30-Apr-13,24-Apr-13,ARV,Adult,SCMS from RDC,SKU0054,"Lamivudine/Nevirapine/Zidovudine 150/200/300mg, tablets, 60 Tabs",Generic,60,3746,32140.68,8.58,0.14,Hetero Unit III Hyderabad IN,See DN-3125 (ID#:82571),See DN-3125 (ID#:82571),39.76
83679,South Sudan,PMO - US,From RDC,N/A - From RDC,Air,30-Apr-13,24-Apr-13,ARV,Adult,SCMS from RDC,SKU0007,"Nevirapine 200mg, tablets, 60 Tabs",Generic,60,378,854.28,2.26,0.04,Hetero Unit III Hyderabad IN,See DN-3125 (ID#:82571),See DN-3125 (ID#:82571),1.06
83680,Zimbabwe,PMO - US,From RDC,N/A - From RDC,Truck,6-May-13,29-Apr-13,ARV,Adult,SCMS from RDC,SKU0007,"Nevirapine 200mg, tablets, 60 Tabs",Generic,60,91000,205660,2.26,0.04,Hetero Unit III Hyderabad IN,See DN-3131 (ID#:83136),See DN-3131 (ID#:83136),254.4
83681,Zimbabwe,PMO - US,From RDC,N/A - From RDC,Truck,30-May-13,29-Apr-13,ARV,Adult,SCMS from RDC,SKU0107,"Lamivudine/Tenofovir Disoproxil Fumarate 300/300mg, tablets, 30 Tabs",Generic,30,90986,427634.2,4.7,0.16,"Aurobindo Unit VII, IN",22001,21173.75,528.98
83682,Mozambique,PMO - US,From RDC,N/A - From RDC,Truck,14-Jul-13,26-Jul-13,ARV,Pediatric,SCMS from RDC,SKU0117,"Zidovudine 10mg/ml, oral solution w/syringe, Bottle, 240 ml",Generic,240,18597,39053.7,2.1,0.01,"Aurobindo Unit III, India",7141,5496.08,48.31
83683,Nigeria,PMO - US,From RDC,N/A - From RDC,Air Charter,21-Aug-13,3-May-13,ARV,Adult,SCMS from RDC,SKU0162,"Abacavir/Lamivudine 600/300mg, scored tablets, 30 Tabs",Generic,30,3820,55657.4,14.57,0.49,"Aurobindo Unit III, India",3917,14547.55,68.85
83684,Rwanda,PMO - US,From RDC,N/A - From RDC,Air,28-Jun-13,27-May-13,ARV,Pediatric,SCMS from RDC,SKU0117,"Zidovudine 10mg/ml, oral solution w/syringe, Bottle, 240 ml",Generic,240,1500,3150,2.1,0.01,"Aurobindo Unit III, India",575,4095.24,3.9
83685,Nigeria,PMO - US,From RDC,N/A - From RDC,Air Charter,21-May-13,10-May-13,ARV,Adult,SCMS from RDC,SKU0011,"Lamivudine/Zidovudine 150/300mg, tablets, 60 Tabs",Generic,60,35000,245000,7,0.12,"Aurobindo Unit III, India",12877,20666.07,303.06
83686,Nigeria,PMO - US,From RDC,N/A - From RDC,Air Charter,28-May-13,10-May-13,ARV,Adult,SCMS from RDC,SKU0113,"Efavirenz/Lamivudine/Tenofovir Disoproxil Fumarate 600/300/300mg, tablets, 30 Tabs",Generic,30,120000,1262400,10.52,0.35,Hetero Unit III Hyderabad IN,17470,20666.07,1561.59
83687,Nigeria,PMO - US,From RDC,N/A - From RDC,Air Charter,4-Jun-13,10-May-13,ARV,Adult,SCMS from RDC,SKU0026,"Efavirenz 600mg, tablets, 30 Tabs",Generic,30,36390,121178.7,3.33,0.11,"Aurobindo Unit III, India",17455,20666.07,149.9
83688,Zambia,PMO - US,From RDC,N/A - From RDC,Truck,28-Jun-13,7-Jun-13,ARV,Adult,SCMS from RDC,SKU0011,"Lamivudine/Zidovudine 150/300mg, tablets, 60 Tabs",Generic,60,62168,435176,7,0.12,"Cipla, Goa, India",22497,11941.65,610.12
83694,Tanzania,PMO - US,From RDC,N/A - From RDC,Air,31-May-13,18-Jun-13,ARV,Adult,SCMS from RDC,SKU0132,"Efavirenz/Emtricitabine/Tenofovir Disoproxil Fumarate 600/200/300mg, tablets, 30 Tabs",Generic,30,30598,396550.08,12.96,0.43,"Cipla, Goa, India",3637,22904.02,490.53
83695,Tanzania,PMO - US,From RDC,N/A - From RDC,Truck,23-Aug-13,18-Jun-13,ARV,Adult,SCMS from RDC,SKU0058,"Abacavir 300mg, tablets, 60 Tabs",Generic,60,10347,134097.12,12.96,0.22,Mylan (formerly Matrix) Nashik,1064,4203,165.88
83699,Uganda,PMO - US,From RDC,N/A - From RDC,Truck,31-Jul-13,18-Jul-13,ARV,Adult,SCMS from RDC,SKU0113,"Efavirenz/Lamivudine/Tenofovir Disoproxil Fumarate 600/300/300mg, tablets, 30 Tabs",Generic,30,36273,381591.96,10.52,0.35,Hetero Unit III Hyderabad IN,4846,13743.46,472.03
83700,Uganda,PMO - US,From RDC,N/A - From RDC,Truck,31-Jul-13,26-Aug-13,ARV,Adult,SCMS from RDC,SKU0054,"Lamivudine/Nevirapine/Zidovudine 150/200/300mg, tablets, 60 Tabs",Generic,60,15117,124866.42,8.26,0.14,"Strides, Bangalore, India.",8057,10734.13,154.46
83701,Côte d'Ivoire,PMO - US,From RDC,N/A - From RDC,Truck,31-Jul-13,6-Aug-13,ARV,Adult,SCMS from RDC,SKU0135,"Lopinavir/Ritonavir 200/50mg, tablets, 120 Tabs",Generic,120,20000,420000,21,0.18,"Aurobindo Unit III, India",5633,17548.42,519.54
83702,Nigeria,PMO - US,From RDC,N/A - From RDC,Air Charter,4-Sep-13,23-Jul-13,ARV,Adult,SCMS from RDC,SKU0011,"Lamivudine/Zidovudine 150/300mg, tablets, 60 Tabs",Generic,60,4026,29269.02,7.27,0.12,"Aurobindo Unit III, India",410,Freight Included in Commodity Cost,36.21
83704,Uganda,PMO - US,From RDC,N/A - From RDC,Air,6-Aug-13,20-Aug-13,ARV,Adult,SCMS from RDC,SKU0026,"Efavirenz 600mg, tablets, 30 Tabs",Generic,30,96480,321278.4,3.33,0.11,"Aurobindo Unit III, India",See DN-3256 (ID#:83149),See DN-3256 (ID#:83149),397.42
83705,Uganda,PMO - US,From RDC,N/A - From RDC,Air,6-Aug-13,20-Aug-13,ARV,Adult,SCMS from RDC,SKU0011,"Lamivudine/Zidovudine 150/300mg, tablets, 60 Tabs",Generic,60,7619,53333,7,0.12,Hetero Unit III Hyderabad IN,See DN-3256 (ID#:83149),See DN-3256 (ID#:83149),65.97
83706,Zambia,PMO - US,From RDC,N/A - From RDC,Truck,6-Sep-13,30-Jul-13,ARV,Adult,SCMS from RDC,SKU0058,"Abacavir 300mg, tablets, 60 Tabs",Generic,60,1102,14281.92,12.96,0.22,Mylan (formerly Matrix) Nashik,645,5213.01,17.67
83707,Uganda,PMO - US,From RDC,N/A - From RDC,Air,27-Sep-13,27-Sep-13,ARV,Adult,SCMS from RDC,SKU0107,"Lamivudine/Tenofovir Disoproxil Fumarate 300/300mg, tablets, 30 Tabs",Generic,30,65615,308390.5,4.7,0.16,"Aurobindo Unit VII, IN",See DN-3263 (ID#:83150),See DN-3263 (ID#:83150),381.48
83708,Uganda,PMO - US,From RDC,N/A - From RDC,Air,29-Aug-13,13-Sep-13,ARV,Adult,SCMS from RDC,SKU0026,"Efavirenz 600mg, tablets, 30 Tabs",Generic,30,36007,119903.31,3.33,0.11,"Aurobindo Unit III, India",19158,106022.37,148.32
83709,"Congo, DRC",PMO - US,From RDC,N/A - From RDC,Air,27-Aug-13,8-Feb-14,ARV,Adult,SCMS from RDC,SKU0026,"Efavirenz 600mg, tablets, 30 Tabs",Generic,30,238,792.54,3.33,0.11,"Strides, Bangalore, India.",See DN-3268 (ID#:82595),See DN-3268 (ID#:82595),0.98
83710,"Congo, DRC",PMO - US,From RDC,N/A - From RDC,Air,27-Aug-13,8-Feb-14,ARV,Adult,SCMS from RDC,SKU0135,"Lopinavir/Ritonavir 200/50mg, tablets, 120 Tabs",Generic,120,378,8232.84,21.78,0.18,Mylan (formerly Matrix) Nashik,See DN-3268 (ID#:82595),See DN-3268 (ID#:82595),10.18
83711,"Congo, DRC",PMO - US,From RDC,N/A - From RDC,Air,28-Aug-13,8-Feb-14,ARV,Adult,SCMS from RDC,SKU0011,"Lamivudine/Zidovudine 150/300mg, tablets, 60 Tabs",Generic,60,864,6048,7,0.12,Hetero Unit III Hyderabad IN,758,20499.33,7.48
83712,"Congo, DRC",PMO - US,From RDC,N/A - From RDC,Air,28-Aug-13,8-Feb-14,ARV,Pediatric,SCMS from RDC,SKU0142,"Efavirenz 200mg, scored tablets, 90 Tabs",Generic,90,312,2277.6,7.3,0.08,"Strides, Bangalore, India.",See DN-3269 (ID#:83711),See DN-3269 (ID#:83711),2.82
83713,Tanzania,PMO - US,From RDC,N/A - From RDC,Truck,20-Nov-13,9-Sep-13,ARV,Adult,SCMS from RDC,SKU0058,"Abacavir 300mg, tablets, 60 Tabs",Generic,60,2788,31950.48,11.46,0.19,"Aurobindo Unit III, India",285,1883,39.52
83714,Uganda,PMO - US,From RDC,N/A - From RDC,Air,29-Nov-13,16-Oct-13,ARV,Pediatric,SCMS from RDC,SKU0070,"Lamivudine/Stavudine 30/6mg, dispersible tablets, 60 Tabs",Generic,60,638,1212.2,1.9,0.03,"Cipla, Goa, India",45,747.76,1.5
83715,Tanzania,PMO - US,From RDC,N/A - From RDC,Truck,15-Oct-13,18-Sep-13,ARV,Pediatric,SCMS from RDC,SKU0126,"Nevirapine 10mg/ml, oral suspension w/syringe, Bottle, 240 ml",Generic,240,2191,4272.45,1.95,0.01,"Aurobindo Unit III, India",823,3524,5.99
83716,Mozambique,PMO - US,From RDC,N/A - From RDC,Truck,31-Oct-13,31-Oct-13,ARV,Adult,SCMS from RDC,SKU0026,"Efavirenz 600mg, tablets, 30 Tabs",Generic,30,9357,31158.81,3.33,0.11,"Strides, Bangalore, India.",12264,5902.4,38.54
83717,Guyana,PMO - US,From RDC,N/A - From RDC,Air,30-Sep-13,4-Oct-13,ARV,Pediatric,SCMS from RDC,SKU0142,"Efavirenz 200mg, scored tablets, 90 Tabs",Generic,90,98,911.4,9.3,0.1,"Strides, Bangalore, India.",7,4317.96,1.13
83718,Mozambique,PMO - US,From RDC,N/A - From RDC,Truck,31-Oct-13,13-Nov-13,ARV,Adult,SCMS from RDC,SKU0011,"Lamivudine/Zidovudine 150/300mg, tablets, 60 Tabs",Generic,60,3035,22064.45,7.27,0.12,"Cipla, Goa, India",1722,5950.17,27.29
83719,Zambia,PMO - US,From RDC,N/A - From RDC,Truck,5-Nov-13,5-Nov-13,ARV,Adult,SCMS from RDC,SKU0011,"Lamivudine/Zidovudine 150/300mg, tablets, 60 Tabs",Generic,60,67271,470897,7,0.12,"Cipla, Goa, India",6041,10651.44,660.2
83720,Dominican Republic,PMO - US,From RDC,N/A - From RDC,Air,29-Oct-13,16-Oct-13,ARV,Adult,SCMS from RDC,SKU0107,"Lamivudine/Tenofovir Disoproxil Fumarate 300/300mg, tablets, 30 Tabs",Generic,30,48,225.6,4.7,0.16,Mylan (formerly Matrix) Nashik,29,594.4,0.28
83726,Dominican Republic,PMO - US,From RDC,N/A - From RDC,Air,29-Oct-13,10-Oct-13,ARV,Adult,SCMS from RDC,SKU0026,"Efavirenz 600mg, tablets, 30 Tabs",Generic,30,4072,13559.76,3.33,0.11,"Strides, Bangalore, India.",7791,90360.12,16.77
83727,Nigeria,PMO - US,From RDC,N/A - From RDC,Air Charter,31-Oct-13,14-Oct-13,ARV,Pediatric,SCMS from RDC,SKU0181,"Abacavir/Lamivudine 60/30mg, tablets, 30 Tabs",Generic,30,6000,24000,4,0.13,Mylan (formerly Matrix) Nashik,290,20225.07,29.69
83728,Nigeria,PMO - US,From RDC,N/A - From RDC,Air Charter,31-Oct-13,14-Oct-13,ARV,Adult,SCMS from RDC,SKU0054,"Lamivudine/Nevirapine/Zidovudine 150/200/300mg, tablets, 60 Tabs",Generic,60,75000,643500,8.58,0.14,Hetero Unit III Hyderabad IN,See DN-3366 (ID#:82612),See DN-3366 (ID#:82612),796.01
83730,Nigeria,PMO - US,From RDC,N/A - From RDC,Air Charter,18-Nov-13,14-Oct-13,ARV,Adult,SCMS from RDC,SKU0113,"Efavirenz/Lamivudine/Tenofovir Disoproxil Fumarate 600/300/300mg, tablets, 30 Tabs",Generic,30,70000,780500,11.15,0.37,Mylan (formerly Matrix) Nashik,21510,20225.07,965.48
83731,Nigeria,PMO - US,From RDC,N/A - From RDC,Air Charter,31-Oct-13,14-Oct-13,ARV,Adult,SCMS from RDC,SKU0054,"Lamivudine/Nevirapine/Zidovudine 150/200/300mg, tablets, 60 Tabs",Generic,60,12000,102960,8.58,0.14,"Cipla, Goa, India",1749,20225.07,127.36
83732,Côte d'Ivoire,PMO - US,From RDC,N/A - From RDC,Truck,31-Oct-13,22-Oct-13,ARV,Adult,SCMS from RDC,SKU0135,"Lopinavir/Ritonavir 200/50mg, tablets, 120 Tabs",Generic,120,228,4788,21,0.18,"Aurobindo Unit III, India",See DN-3371 (ID#:83174),See DN-3371 (ID#:83174),5.92
83733,Mozambique,PMO - US,From RDC,N/A - From RDC,Truck,29-Nov-13,28-Nov-13,ARV,Adult,SCMS from RDC,SKU0026,"Efavirenz 600mg, tablets, 30 Tabs",Generic,30,32000,106560,3.33,0.11,"Strides, Bangalore, India.",See DN-3376 (ID#:83175),See DN-3376 (ID#:83175),131.81
83735,Uganda,PMO - US,From RDC,N/A - From RDC,Truck,16-Dec-13,20-Dec-13,ARV,Pediatric,SCMS from RDC,SKU0140,"Lamivudine/Nevirapine/Zidovudine 30/50/60mg, dispersible tablets, 60 Tabs",Generic,60,4637,18037.93,3.89,0.06,Mylan (formerly Matrix) Nashik,426,1761.5,18.54
83736,Zimbabwe,PMO - US,From RDC,N/A - From RDC,Truck,30-Nov-13,25-Nov-13,ARV,Adult,SCMS from RDC,SKU0007,"Nevirapine 200mg, tablets, 60 Tabs",Generic,60,80000,184800,2.31,0.04,"Strides, Bangalore, India.",See DN-3413 (ID#:83181),See DN-3413 (ID#:83181),228.6
83738,Mozambique,PMO - US,From RDC,N/A - From RDC,Truck,29-Nov-13,30-Jan-14,ARV,Adult,SCMS from RDC,SKU0008,"Lopinavir/Ritonavir 200/50mg [Aluvia], tablets, 120 Tabs",Aluvia,120,12960,262051.2,20.22,0.17,ABBVIE Ludwigshafen Germany,See DN-3428 (ID#:83186),See DN-3428 (ID#:83186),324.16
83739,Zambia,PMO - US,From RDC,N/A - From RDC,Truck,24-Jan-14,24-Jan-14,ARV,Adult,SCMS from RDC,SKU0132,"Efavirenz/Emtricitabine/Tenofovir Disoproxil Fumarate 600/200/300mg, tablets, 30 Tabs",Generic,30,269030,3309069,12.3,0.41,"Aurobindo Unit VII, IN",30923,34019.61,4093.32
83740,Nigeria,PMO - US,From RDC,N/A - From RDC,Air Charter,18-Nov-13,26-Nov-13,ARV,Adult,SCMS from RDC,SKU0113,"Efavirenz/Lamivudine/Tenofovir Disoproxil Fumarate 600/300/300mg, tablets, 30 Tabs",Generic,30,130437,1454372.55,11.15,0.37,Hetero Unit III Hyderabad IN,18633,26340,1799.06
83742,Côte d'Ivoire,PMO - US,From RDC,N/A - From RDC,Air,3-Jan-14,3-Jan-14,ARV,Adult,SCMS from RDC,SKU0029,"Tenofovir Disoproxil Fumarate 300mg, tablets, 30 Tabs",Generic,30,3859,15590.36,4.04,0.13,Mylan (formerly Matrix) Nashik,242,3128.55,19.29
83743,Côte d'Ivoire,PMO - US,From RDC,N/A - From RDC,Truck,17-Dec-13,17-Dec-13,ARV,Pediatric,SCMS from RDC,SKU0140,"Lamivudine/Nevirapine/Zidovudine 30/50/60mg, dispersible tablets, 60 Tabs",Generic,60,4200,16338,3.89,0.06,"Strides, Bangalore, India.",180,1965.57,20.21
83746,Tanzania,PMO - US,From RDC,N/A - From RDC,Truck,31-Dec-13,25-Feb-14,ARV,Pediatric,SCMS from RDC,SKU0142,"Efavirenz 200mg, scored tablets, 90 Tabs",Generic,90,5687,52889.1,9.3,0.1,"Strides, Bangalore, India.",See DN-3458 (ID#:83196),See DN-3458 (ID#:83196),65.42
83747,Mozambique,PMO - US,From RDC,N/A - From RDC,Truck,6-Jan-14,6-Jan-14,ARV,Adult,SCMS from RDC,SKU0054,"Lamivudine/Nevirapine/Zidovudine 150/200/300mg, tablets, 60 Tabs",Generic,60,59674,512002.92,8.58,0.14,"Strides, Bangalore, India.",6959,7150.25,633.35
83748,Mozambique,PMO - US,From RDC,N/A - From RDC,Truck,31-Mar-14,28-Mar-14,ARV,Adult,SCMS from RDC,SKU0162,"Abacavir/Lamivudine 600/300mg, scored tablets, 30 Tabs",Generic,30,4837,65396.24,13.52,0.45,Mylan (formerly Matrix) Nashik,1102,8406.81,80.9
83749,Nigeria,PMO - US,From RDC,N/A - From RDC,Air Charter,31-Jan-14,10-Jan-14,ARV,Adult,SCMS from RDC,SKU0008,"Lopinavir/Ritonavir 200/50mg [Aluvia], tablets, 120 Tabs",Aluvia,120,40435,817595.7,20.22,0.17,ABBVIE Ludwigshafen Germany,9966,49199.75,1011.37
83750,Nigeria,PMO - US,From RDC,N/A - From RDC,Air Charter,17-Jan-14,10-Jan-14,ARV,Adult,SCMS from RDC,SKU0054,"Lamivudine/Nevirapine/Zidovudine 150/200/300mg, tablets, 60 Tabs",Generic,60,142000,1218360,8.58,0.14,"Aurobindo Unit III, India",See DN-3476 (ID#:83198),See DN-3476 (ID#:83198),1507.11
83751,Rwanda,PMO - US,From RDC,N/A - From RDC,Truck,31-Jan-14,23-Jan-14,ARV,Adult,SCMS from RDC,SKU0113,"Efavirenz/Lamivudine/Tenofovir Disoproxil Fumarate 600/300/300mg, tablets, 30 Tabs",Generic,30,83000,925450,11.15,0.37,"Aurobindo Unit VII, IN",10998,75824.42,1144.78
83752,Mozambique,PMO - US,From RDC,N/A - From RDC,Truck,31-Jan-14,10-Feb-14,ARV,Adult,SCMS from RDC,SKU0113,"Efavirenz/Lamivudine/Tenofovir Disoproxil Fumarate 600/300/300mg, tablets, 30 Tabs",Generic,30,66054,736502.1,11.15,0.37,Hetero Unit III Hyderabad IN,See DN-3483 (ID#:82633),See DN-3483 (ID#:82633),911.05
83760,Rwanda,PMO - US,From RDC,N/A - From RDC,Truck,31-Jan-14,25-Feb-14,ARV,Adult,SCMS from RDC,SKU0011,"Lamivudine/Zidovudine 150/300mg, tablets, 60 Tabs",Generic,60,8600,57878,6.73,0.11,"Cipla, Goa, India",770,9828.73,71.6
83761,Tanzania,PMO - US,From RDC,N/A - From RDC,Truck,31-Jan-14,19-Feb-14,ARV,Adult,SCMS from RDC,SKU0105,"Emtricitabine/Tenofovir Disoproxil Fumarate 200/300mg, tablets, 30 Tabs",Generic,30,40000,234800,5.87,0.2,"Aurobindo Unit III, India",7393,7083.18,290.45
83762,Mozambique,PMO - US,From RDC,N/A - From RDC,Truck,31-Jan-14,19-Feb-14,ARV,Adult,SCMS from RDC,SKU0054,"Lamivudine/Nevirapine/Zidovudine 150/200/300mg, tablets, 60 Tabs",Generic,60,145400,1247532,8.58,0.14,Mylan (formerly Matrix) Nashik,10673,15392.43,1543.2
83763,Côte d'Ivoire,PMO - US,From RDC,N/A - From RDC,Truck,28-Feb-14,18-Jan-14,ARV,Pediatric,SCMS from RDC,SKU0138,"Abacavir/Lamivudine 60/30mg, tablets, 60 Tabs",Generic,60,2085,8340,4,0.07,Mylan (formerly Matrix) Nashik,699,8127.62,10.32
83764,Côte d'Ivoire,PMO - US,From RDC,N/A - From RDC,Air,28-Feb-14,18-Feb-14,ARV,Pediatric,SCMS from RDC,SKU0131,"Lamivudine/Zidovudine 30/60mg, tablets, 60 Tabs",Generic,60,15000,32250,2.15,0.04,Mylan (formerly Matrix) Nashik,Weight Captured Separately,Invoiced Separately,39.89
83765,Côte d'Ivoire,PMO - US,From RDC,N/A - From RDC,Air,28-Feb-14,1-Mar-14,ARV,Adult,SCMS from RDC,SKU0029,"Tenofovir Disoproxil Fumarate 300mg, tablets, 30 Tabs",Generic,30,4641,18749.64,4.04,0.13,Mylan (formerly Matrix) Nashik,285,1335.15,23.19
83766,Mozambique,PMO - US,From RDC,N/A - From RDC,Truck,15-Apr-14,28-Mar-14,ARV,Adult,SCMS from RDC,SKU0054,"Lamivudine/Nevirapine/Zidovudine 150/200/300mg, tablets, 60 Tabs",Generic,60,41076,339287.76,8.26,0.14,"Strides, Bangalore, India.",5170,8406.81,348.79
83767,Mozambique,PMO - US,From RDC,N/A - From RDC,Truck,15-Apr-14,28-Mar-14,ARV,Adult,SCMS from RDC,SKU0007,"Nevirapine 200mg, tablets, 60 Tabs",Generic,60,2100,4746,2.26,0.04,Hetero Unit III Hyderabad IN,See DN-3558 (ID#:83766),See DN-3558 (ID#:83766),4.88
83768,"Congo, DRC",PMO - US,From RDC,N/A - From RDC,Air,30-May-14,19-May-14,ARV,Pediatric,SCMS from RDC,SKU0142,"Efavirenz 200mg, scored tablets, 90 Tabs",Generic,90,510,4743,9.3,0.1,"Strides, Bangalore, India.",See DN-3561 (ID#:82654),See DN-3561 (ID#:82654),4.88
83771,Zambia,PMO - US,From RDC,N/A - From RDC,Truck,28-Feb-14,25-Mar-14,ARV,Adult,SCMS from RDC,SKU0132,"Efavirenz/Emtricitabine/Tenofovir Disoproxil Fumarate 600/200/300mg, tablets, 30 Tabs",Generic,30,25511,303325.79,11.89,0.4,"Cipla, Goa, India",3041,3526.69,375.21
83772,Mozambique,PMO - US,From RDC,N/A - From RDC,Truck,15-Apr-14,14-Apr-14,ARV,Adult,SCMS from RDC,SKU0113,"Efavirenz/Lamivudine/Tenofovir Disoproxil Fumarate 600/300/300mg, tablets, 30 Tabs",Generic,30,137189,1529657.35,11.15,0.37,Mylan (formerly Matrix) Nashik,28696,22890.82,1572.49
83773,Tanzania,PMO - US,From RDC,N/A - From RDC,Truck,30-Apr-14,2-May-14,ARV,Pediatric,SCMS from RDC,SKU0140,"Lamivudine/Nevirapine/Zidovudine 30/50/60mg, dispersible tablets, 60 Tabs",Generic,60,43460,162975,3.75,0.06,Mylan (formerly Matrix) Nashik,See DN-3582 (ID#:82656),See DN-3582 (ID#:82656),201.6
83774,Guyana,PMO - US,From RDC,N/A - From RDC,Air,31-Mar-14,3-Apr-14,ARV,Adult,SCMS from RDC,SKU0003,"Lamivudine 150mg, tablets, 60 Tabs",Generic,60,188,374.12,1.99,0.03,"Aurobindo Unit III, India",See DN-3585 (ID#:83223),See DN-3585 (ID#:83223),0.38
83775,Haiti,PMO - US,From RDC,N/A - From RDC,Air,30-Mar-14,24-Mar-14,ARV,Adult,SCMS from RDC,SKU0135,"Lopinavir/Ritonavir 200/50mg, tablets, 120 Tabs",Generic,120,2000,40960,20.48,0.17,Mylan (formerly Matrix) Nashik,See DN-3586 (ID#:83224),See DN-3586 (ID#:83224),42.11
83776,Haiti,PMO - US,From RDC,N/A - From RDC,Air,5-May-14,24-Mar-14,ARV,Pediatric,SCMS from RDC,SKU0130,"Lamivudine 10mg/ml, oral solution w/syringe, Bottle, 240 ml",Generic,240,4000,5720,1.43,0.01,"Aurobindo Unit III, India",2769,29216.84,5.88
83777,Uganda,PMO - US,From RDC,N/A - From RDC,Truck,30-Apr-14,18-Apr-14,ARV,Adult,SCMS from RDC,SKU0007,"Nevirapine 200mg, tablets, 60 Tabs",Generic,60,12965,29300.9,2.26,0.04,"Aurobindo Unit III, India",1243,Freight Included in Commodity Cost,30.12
83779,Tanzania,PMO - US,From RDC,N/A - From RDC,Truck,9-May-14,10-May-14,ARV,Adult,SCMS from RDC,SKU0132,"Efavirenz/Emtricitabine/Tenofovir Disoproxil Fumarate 600/200/300mg, tablets, 30 Tabs",Generic,30,206508,2455380.12,11.89,0.4,Mylan (formerly Matrix) Nashik,22895,13649.14,3037.31
83780,Nigeria,PMO - US,From RDC,N/A - From RDC,Air Charter,15-Apr-14,20-Apr-14,ARV,Adult,SCMS from RDC,SKU0113,"Efavirenz/Lamivudine/Tenofovir Disoproxil Fumarate 600/300/300mg, tablets, 30 Tabs",Generic,30,40409,439245.83,10.87,0.36,Hetero Unit III Hyderabad IN,5977,29674.92,543.35
83781,Guyana,PMO - US,From RDC,N/A - From RDC,Air,30-Jun-14,14-Apr-14,ARV,Adult,SCMS from RDC,SKU0014,"Zidovudine 300mg, tablets, 60 Tabs",Generic,60,1135,6333.3,5.58,0.09,"Aurobindo Unit III, India",282,5380.36,6.51
83782,Mozambique,PMO - US,From RDC,N/A - From RDC,Truck,3-Jun-14,3-Jun-14,ARV,Adult,SCMS from RDC,SKU0058,"Abacavir 300mg, tablets, 60 Tabs",Generic,60,3386,38024.78,11.23,0.19,Mylan (formerly Matrix) Nashik,15942,4768.06,39.09
83783,Mozambique,PMO - US,From RDC,N/A - From RDC,Truck,3-Jun-14,3-Jun-14,ARV,Adult,SCMS from RDC,SKU0008,"Lopinavir/Ritonavir 200/50mg [Aluvia], tablets, 120 Tabs",Aluvia,120,10040,189756,18.9,0.16,ABBVIE Ludwigshafen Germany,See DN-3627 (ID#:83782),See DN-3627 (ID#:83782),195.07
83784,Côte d'Ivoire,PMO - US,From RDC,N/A - From RDC,Truck,30-Apr-14,22-Apr-14,ARV,Adult,SCMS from RDC,SKU0029,"Tenofovir Disoproxil Fumarate 300mg, tablets, 30 Tabs",Generic,30,4300,16254,3.78,0.13,Hetero Unit III Hyderabad IN,See DN-3633 (ID#:82666),See DN-3633 (ID#:82666),16.71
83785,Guyana,PMO - US,From RDC,N/A - From RDC,Air,30-Apr-14,22-Apr-14,ARV,Adult,SCMS from RDC,SKU0014,"Zidovudine 300mg, tablets, 60 Tabs",Generic,60,62,341,5.5,0.09,"Aurobindo Unit III, India",4,660.44,0.35
83787,Côte d'Ivoire,PMO - US,From RDC,N/A - From RDC,Truck,15-May-14,12-May-14,ARV,Pediatric,SCMS from RDC,SKU0140,"Lamivudine/Nevirapine/Zidovudine 30/50/60mg, dispersible tablets, 60 Tabs",Generic,60,18800,70500,3.75,0.06,"Strides, Bangalore, India.",802,4625.27,87.21
83788,Haiti,PMO - US,From RDC,N/A - From RDC,Air,15-May-14,12-May-14,ARV,Adult,SCMS from RDC,SKU0011,"Lamivudine/Zidovudine 150/300mg, tablets, 60 Tabs",Generic,60,4000,26400,6.6,0.11,Mylan (formerly Matrix) Nashik,305,3282.33,27.14
83789,Haiti,PMO - US,From RDC,N/A - From RDC,Air,17-May-14,29-May-14,ARV,Adult,SCMS from RDC,SKU0011,"Lamivudine/Zidovudine 150/300mg, tablets, 60 Tabs",Generic,60,20000,132000,6.6,0.11,Hetero Unit III Hyderabad IN,1777,15330.56,135.7
83791,Côte d'Ivoire,PMO - US,From RDC,N/A - From RDC,Truck,30-May-14,16-May-14,ARV,Pediatric,SCMS from RDC,SKU0140,"Lamivudine/Nevirapine/Zidovudine 30/50/60mg, dispersible tablets, 60 Tabs",Generic,60,20000,75000,3.75,0.06,Mylan (formerly Matrix) Nashik,1041,5156.93,77.1
83792,Côte d'Ivoire,PMO - US,From RDC,N/A - From RDC,Truck,30-May-14,17-May-14,ARV,Adult,SCMS from RDC,SKU0008,"Lopinavir/Ritonavir 200/50mg [Aluvia], tablets, 120 Tabs",Aluvia,120,33171,626931.9,18.9,0.16,ABBVIE Ludwigshafen Germany,7355,28647.52,644.49
83793,Zambia,PMO - US,From RDC,N/A - From RDC,Truck,30-May-14,6-Jun-14,ARV,Adult,SCMS from RDC,SKU0107,"Lamivudine/Tenofovir Disoproxil Fumarate 300/300mg, tablets, 30 Tabs",Generic,30,166295,771608.8,4.64,0.15,Hetero Unit III Hyderabad IN,17177,29971.59,793.21
83795,Burundi,PMO - US,From RDC,N/A - From RDC,Air,30-May-14,25-Jun-14,ARV,Adult,SCMS from RDC,SKU0113,"Efavirenz/Lamivudine/Tenofovir Disoproxil Fumarate 600/300/300mg, tablets, 30 Tabs",Generic,30,2880,31046.4,10.78,0.36,Mylan (formerly Matrix) Nashik,546,4195.64,31.92
83796,Burundi,PMO - US,From RDC,N/A - From RDC,Air,30-May-14,25-Jun-14,ARV,Adult,SCMS from RDC,SKU0054,"Lamivudine/Nevirapine/Zidovudine 150/200/300mg, tablets, 60 Tabs",Generic,60,1152,9342.72,8.11,0.14,Hetero Unit III Hyderabad IN,See DN-3712 (ID#:83795),See DN-3712 (ID#:83795),9.6
83797,Burundi,PMO - US,From RDC,N/A - From RDC,Air,30-May-14,25-Jun-14,ARV,Adult,SCMS from RDC,SKU0007,"Nevirapine 200mg, tablets, 60 Tabs",Generic,60,450,994.5,2.21,0.04,"Aurobindo Unit III, India",See DN-3712 (ID#:83795),See DN-3712 (ID#:83795),1.02
83804,Burundi,PMO - US,From RDC,N/A - From RDC,Air,16-Jun-14,4-Jun-14,ARV,Adult,SCMS from RDC,SKU0011,"Lamivudine/Zidovudine 150/300mg, tablets, 60 Tabs",Generic,60,790,5150.8,6.52,0.11,Hetero Unit III Hyderabad IN,186,29.21,6.37
83806,Rwanda,PMO - US,From RDC,N/A - From RDC,Truck,30-Jun-14,12-Jun-14,ARV,Pediatric,SCMS from RDC,SKU0130,"Lamivudine 10mg/ml, oral solution w/syringe, Bottle, 240 ml",Generic,240,507,937.95,1.85,0.01,"Aurobindo Unit III, India",185,2342.16,1.16
83808,Uganda,PMO - US,From RDC,N/A - From RDC,Air,30-Jun-14,20-Jun-14,ARV,Adult,SCMS from RDC,SKU0008,"Lopinavir/Ritonavir 200/50mg [Aluvia], tablets, 120 Tabs",Aluvia,120,84,1587.6,18.9,0.16,ABBVIE Ludwigshafen Germany,9014,892.92,1.96
83809,Zambia,PMO - US,From RDC,N/A - From RDC,Truck,30-Jun-14,4-Jul-14,ARV,Adult,SCMS from RDC,SKU0104,"Lamivudine/Stavudine 150/30mg, tablets, 60 Tabs",Generic,60,5232,13027.68,2.49,0.04,Hetero Unit III Hyderabad IN,414,770.14,13.39
83810,Uganda,PMO - US,From RDC,N/A - From RDC,Truck,30-Jun-14,20-Jun-14,ARV,Pediatric,SCMS from RDC,SKU0146,"Nevirapine 10mg/ml, oral suspension w/syringe, Bottle, 100 ml",Generic,100,45000,58500,1.3,0.01,"Aurobindo Unit III, India",9014,52211.42,60.14
83813,Ethiopia,PMO - US,From RDC,N/A - From RDC,Air,15-Sep-14,29-Aug-14,ARV,Pediatric,SCMS from RDC,SKU0157,"Abacavir/Lamivudine 60/30mg, dispersible tablets, 60 Tabs",Generic,60,429,2415.27,5.63,0.09,"Cipla, Patalganga, India",39,792.12,2.48
83815,Côte d'Ivoire,PMO - US,From RDC,N/A - From RDC,Truck,30-Sep-14,8-Sep-14,ARV,Pediatric,SCMS from RDC,SKU0117,"Zidovudine 10mg/ml, oral solution w/syringe, Bottle, 240 ml",Generic,240,156,327.6,2.1,0.01,"Aurobindo Unit III, India",100,396.32,0.34
83817,Mozambique,PMO - US,From RDC,N/A - From RDC,Truck,30-Sep-14,30-Oct-14,ARV,Adult,SCMS from RDC,SKU0008,"Lopinavir/Ritonavir 200/50mg [Aluvia], tablets, 120 Tabs",Aluvia,120,49000,926100,18.9,0.16,ABBVIE Ludwigshafen Germany,11107,5982.43,952.03
83818,Rwanda,PMO - US,From RDC,N/A - From RDC,Truck,19-Aug-14,13-Aug-14,ARV,Pediatric,SCMS from RDC,SKU0142,"Efavirenz 200mg, scored tablets, 90 Tabs",Generic,90,2900,23954,8.26,0.09,"Strides, Bangalore, India.",5621,10640.81,24.62
83819,Nigeria,PMO - US,From RDC,N/A - From RDC,Air Charter,30-Jun-14,20-Jun-14,ARV,Adult,SCMS from RDC,SKU0054,"Lamivudine/Nevirapine/Zidovudine 150/200/300mg, tablets, 60 Tabs",Generic,60,63285,513241.35,8.11,0.14,Mylan (formerly Matrix) Nashik,See DN-3794 (ID#:82694),See DN-3794 (ID#:82694),527.61
83822,Guyana,PMO - US,From RDC,N/A - From RDC,Air,30-Sep-14,29-Aug-14,ARV,Pediatric,SCMS from RDC,SKU0126,"Nevirapine 10mg/ml, oral suspension w/syringe, Bottle, 240 ml",Generic,240,129,210.27,1.63,0.01,"Aurobindo Unit III, India",253,3519.7,0.22
83823,Zimbabwe,PMO - US,From RDC,N/A - From RDC,Truck,30-Sep-14,29-Jun-14,ARV,Adult,SCMS from RDC,SKU0007,"Nevirapine 200mg, tablets, 60 Tabs",Generic,60,68113,148486.34,2.18,0.04,Hetero Unit III Hyderabad IN,See DN-3825 (ID#:82702),See DN-3825 (ID#:82702),152.64
83824,Mozambique,PMO - US,From RDC,N/A - From RDC,Truck,29-Aug-14,15-Aug-14,ARV,Adult,SCMS from RDC,SKU0058,"Abacavir 300mg, tablets, 60 Tabs",Generic,60,10868,122047.64,11.23,0.19,Mylan (formerly Matrix) Nashik,1026,1138.29,125.46
83825,"Congo, DRC",PMO - US,From RDC,N/A - From RDC,Air,24-Sep-14,28-Oct-14,ARV,Pediatric,SCMS from RDC,SKU0146,"Nevirapine 10mg/ml, oral suspension w/syringe, Bottle, 100 ml",Generic,100,1330,1729,1.3,0.01,"Aurobindo Unit III, India",416,5347.37,1.78
83826,South Sudan,PMO - US,From RDC,N/A - From RDC,Air,19-Aug-14,17-Oct-14,ARV,Pediatric,SCMS from RDC,SKU0126,"Nevirapine 10mg/ml, oral suspension w/syringe, Bottle, 240 ml",Generic,240,2125,3463.75,1.63,0.01,"Aurobindo Unit III, India",759,9664.79,3.56
83827,South Sudan,PMO - US,From RDC,N/A - From RDC,Air,1-Sep-14,1-Sep-14,ARV,Pediatric,SCMS from RDC,SKU0142,"Efavirenz 200mg, scored tablets, 90 Tabs",Generic,90,1016,9448.8,9.3,0.1,"Strides, Bangalore, India.",See DN-3842 (ID#:82706),See DN-3842 (ID#:82706),9.71
83828,"Congo, DRC",PMO - US,From RDC,N/A - From RDC,Air,13-Aug-14,24-Sep-14,ARV,Pediatric,SCMS from RDC,SKU0140,"Lamivudine/Nevirapine/Zidovudine 30/50/60mg, dispersible tablets, 60 Tabs",Generic,60,2825,10537.25,3.73,0.06,"Strides, Bangalore, India.",See DN-3843 (ID#:82707),See DN-3843 (ID#:82707),10.83
83829,Guyana,PMO - US,From RDC,N/A - From RDC,Air,30-Sep-14,30-Jul-14,ARV,Adult,SCMS from RDC,SKU0003,"Lamivudine 150mg, tablets, 60 Tabs",Generic,60,320,556.8,1.74,0.03,"Aurobindo Unit III, India",See DN-3844 (ID#:82710),See DN-3844 (ID#:82710),0.57
83830,Rwanda,PMO - US,From RDC,N/A - From RDC,Truck,16-Sep-14,1-Aug-14,ARV,Adult,SCMS from RDC,SKU0029,"Tenofovir Disoproxil Fumarate 300mg, tablets, 30 Tabs",Generic,30,715,2888.6,4.04,0.13,Mylan (formerly Matrix) Nashik,44,1171.2,2.97
83832,Côte d'Ivoire,PMO - US,From RDC,N/A - From RDC,Truck,29-Aug-14,18-Aug-14,ARV,Adult,SCMS from RDC,SKU0026,"Efavirenz 600mg, tablets, 30 Tabs",Generic,30,29804,95670.84,3.21,0.11,"Strides, Bangalore, India.",1766,7481.81,134.13
83833,Burundi,PMO - US,From RDC,N/A - From RDC,Air,30-Sep-14,5-Sep-14,ARV,Adult,SCMS from RDC,SKU0135,"Lopinavir/Ritonavir 200/50mg, tablets, 120 Tabs",Generic,120,280,5518.8,19.71,0.16,Mylan (formerly Matrix) Nashik,75,1855.34,5.67
83842,Zambia,PMO - US,From RDC,N/A - From RDC,Truck,31-Jul-14,23-Sep-14,ARV,Adult,SCMS from RDC,SKU0135,"Lopinavir/Ritonavir 200/50mg, tablets, 120 Tabs",Generic,120,312,6149.52,19.71,0.16,Mylan (formerly Matrix) Nashik,80,87.87,6.32
83843,Uganda,PMO - US,From RDC,N/A - From RDC,Truck,11-Sep-14,9-Aug-14,ARV,Adult,SCMS from RDC,SKU0008,"Lopinavir/Ritonavir 200/50mg [Aluvia], tablets, 120 Tabs",Aluvia,120,12713,240275.7,18.9,0.16,ABBVIE Ludwigshafen Germany,2630,6926.9,247
83844,Uganda,PMO - US,From RDC,N/A - From RDC,Truck,30-Sep-14,17-Sep-14,ARV,Pediatric,SCMS from RDC,SKU0140,"Lamivudine/Nevirapine/Zidovudine 30/50/60mg, dispersible tablets, 60 Tabs",Generic,60,11553,43092.69,3.73,0.06,"Strides, Bangalore, India.",516,2042.9,44.3
83845,"Congo, DRC",PMO - US,From RDC,N/A - From RDC,Air,30-Oct-14,27-Oct-14,ARV,Adult,SCMS from RDC,SKU0058,"Abacavir 300mg, tablets, 60 Tabs",Generic,60,715,8029.45,11.23,0.19,Mylan (formerly Matrix) Nashik,116,891,8.25
83876,Tanzania,PMO - US,From RDC,N/A - From RDC,Truck,25-Feb-15,27-Jan-15,ARV,Pediatric,SCMS from RDC,SKU0124,"Lamivudine/Zidovudine 30/60mg, dispersible tablets, 60 Tabs",Generic,60,20000,40000,2,0.03,"Cipla, Goa, India",1386,7061.2,41.12
83847,Tanzania,PMO - US,From RDC,N/A - From RDC,Truck,28-Nov-14,20-Nov-14,ARV,Pediatric,SCMS from RDC,SKU0140,"Lamivudine/Nevirapine/Zidovudine 30/50/60mg, dispersible tablets, 60 Tabs",Generic,60,18317,71253.13,3.89,0.06,Mylan (formerly Matrix) Nashik,581,6311.88,88.14
83848,Tanzania,PMO - US,From RDC,N/A - From RDC,Air,30-Jan-15,17-Dec-14,ARV,Pediatric,SCMS from RDC,SKU0140,"Lamivudine/Nevirapine/Zidovudine 30/50/60mg, dispersible tablets, 60 Tabs",Generic,60,31153,116823.75,3.75,0.06,Mylan (formerly Matrix) Nashik,1739,10506.44,120.09
83849,Zimbabwe,PMO - US,From RDC,N/A - From RDC,Truck,31-Oct-14,30-Oct-14,ARV,Pediatric,SCMS from RDC,SKU0138,"Abacavir/Lamivudine 60/30mg, tablets, 60 Tabs",Generic,60,27847,109995.65,3.95,0.07,Mylan (formerly Matrix) Nashik,1153,1489.8,113.08
83850,Zimbabwe,PMO - US,From RDC,N/A - From RDC,Truck,14-Nov-14,30-Oct-14,ARV,Pediatric,SCMS from RDC,SKU0140,"Lamivudine/Nevirapine/Zidovudine 30/50/60mg, dispersible tablets, 60 Tabs",Generic,60,37963,136666.8,3.6,0.06,"Cipla, Goa, India",See DN-3972 (ID#:82740),See DN-3972 (ID#:82740),140.49
83853,Côte d'Ivoire,PMO - US,From RDC,N/A - From RDC,Truck,31-Oct-14,24-Oct-14,ARV,Adult,SCMS from RDC,SKU0152,"Abacavir/Lamivudine 600/300mg, tablets, 30 Tabs",Generic,30,3244,43761.56,13.49,0.45,Mylan (formerly Matrix) Nashik,288,1922.75,44.99
83855,"Congo, DRC",PMO - US,From RDC,N/A - From RDC,Air,30-Jan-15,18-Feb-15,ARV,Adult,SCMS from RDC,SKU0026,"Efavirenz 600mg, tablets, 30 Tabs",Generic,30,2660,8352.4,3.14,0.1,"Micro labs, Verna, Goa, India",See DN-3975 (ID#:82748),See DN-3975 (ID#:82748),8.59
83859,Zimbabwe,PMO - US,From RDC,N/A - From RDC,Truck,24-Nov-14,11-Nov-14,ARV,Pediatric,SCMS from RDC,SKU0124,"Lamivudine/Zidovudine 30/60mg, dispersible tablets, 60 Tabs",Generic,60,10893,21677.07,1.99,0.03,"Cipla, Goa, India",735,6331.93,22.28
83860,Rwanda,PMO - US,From RDC,N/A - From RDC,Truck,16-Feb-15,14-Jan-15,ARV,Adult,SCMS from RDC,SKU0007,"Nevirapine 200mg, tablets, 60 Tabs",Generic,60,49941,110369.61,2.21,0.04,Hetero Unit III Hyderabad IN,See DN-4012 (ID#:82755),See DN-4012 (ID#:82755),113.46
83861,Mozambique,PMO - US,From RDC,N/A - From RDC,Truck,2-Mar-15,2-Mar-15,ARV,Adult,SCMS from RDC,SKU0058,"Abacavir 300mg, tablets, 60 Tabs",Generic,60,7700,86471,11.23,0.19,Mylan (formerly Matrix) Nashik,See DN-4032 (ID#:82757),See DN-4032 (ID#:82757),88.89
83862,Mozambique,PMO - US,From RDC,N/A - From RDC,Truck,2-Mar-15,2-Mar-15,ARV,Adult,SCMS from RDC,SKU0135,"Lopinavir/Ritonavir 200/50mg, tablets, 120 Tabs",Generic,120,29998,581361.24,19.38,0.16,Mylan (formerly Matrix) Nashik,See DN-4032 (ID#:82757),See DN-4032 (ID#:82757),597.64
84011,Uganda,PMO - US,From RDC,N/A - From RDC,Air,28-Jul-10,22-Jul-10,ARV,Adult,SCMS from RDC,SKU0026,"Efavirenz 600mg, tablets, 30 Tabs",Generic,30,950,4370,4.6,0.15,Mylan (formerly Matrix) Nashik,76,1017.15,9.42
83864,Uganda,PMO - US,From RDC,N/A - From RDC,Truck,15-Jun-15,16-Jan-15,ARV,Adult,SCMS from RDC,SKU0113,"Efavirenz/Lamivudine/Tenofovir Disoproxil Fumarate 600/300/300mg, tablets, 30 Tabs",Generic,30,350000,3416000,9.76,0.33,Mylan (formerly Matrix) Nashik,41041,40616.15,4020.63
83866,Côte d'Ivoire,PMO - US,From RDC,N/A - From RDC,Truck,16-Feb-15,19-Jan-15,ARV,Adult,SCMS from RDC,SKU0026,"Efavirenz 600mg, tablets, 30 Tabs",Generic,30,29996,93587.52,3.12,0.1,Hetero Unit III Hyderabad IN,See DN-4064 (ID#:82765),See DN-4064 (ID#:82765),96.21
83867,Uganda,PMO - US,From RDC,N/A - From RDC,Truck,16-Feb-15,24-Jan-15,ARV,Adult,SCMS from RDC,SKU0026,"Efavirenz 600mg, tablets, 30 Tabs",Generic,30,37500,120375,3.21,0.11,"Cipla, Goa, India",3961,3562.44,123.75
83868,Uganda,PMO - US,From RDC,N/A - From RDC,Truck,2-Feb-15,24-Jan-15,ARV,Adult,SCMS from RDC,SKU0107,"Lamivudine/Tenofovir Disoproxil Fumarate 300/300mg, tablets, 30 Tabs",Generic,30,14420,66764.6,4.63,0.15,"Cipla, Kurkumbh, India",1467,1319.21,68.63
83869,Côte d'Ivoire,PMO - US,From RDC,N/A - From RDC,Truck,30-Jan-15,11-Feb-15,ARV,Pediatric,SCMS from RDC,SKU0124,"Lamivudine/Zidovudine 30/60mg, dispersible tablets, 60 Tabs",Generic,60,14344,28544.56,1.99,0.03,"Mylan,  H-12 & H-13, India",1023,5942.68,29.34
83872,Mozambique,PMO - US,From RDC,N/A - From RDC,Truck,27-Feb-15,3-Mar-15,ARV,Adult,SCMS from RDC,SKU0058,"Abacavir 300mg, tablets, 60 Tabs",Generic,60,2173,24685.28,11.36,0.19,Mylan (formerly Matrix) Nashik,4076,4834.6,25.38
83877,Mozambique,PMO - US,From RDC,N/A - From RDC,Truck,28-Feb-15,13-Mar-15,ARV,Adult,SCMS from RDC,SKU0113,"Efavirenz/Lamivudine/Tenofovir Disoproxil Fumarate 600/300/300mg, tablets, 30 Tabs",Generic,30,380000,3708800,9.76,0.33,Cipla Ltd A-42 MIDC Mahar. IN,See DN-4096 (ID#:83304),See DN-4096 (ID#:83304),3812.65
83878,Uganda,PMO - US,From RDC,N/A - From RDC,Truck,27-Feb-15,25-Feb-15,ARV,Pediatric,SCMS from RDC,SKU0138,"Abacavir/Lamivudine 60/30mg, tablets, 60 Tabs",Generic,60,11106,45423.54,4.09,0.07,Mylan (formerly Matrix) Nashik,See DN-4101 (ID#:82773),See DN-4101 (ID#:82773),46.7
83879,Nigeria,PMO - US,From RDC,N/A - From RDC,Air Charter,28-Feb-15,14-Jan-15,ARV,Adult,SCMS from RDC,SKU0113,"Efavirenz/Lamivudine/Tenofovir Disoproxil Fumarate 600/300/300mg, tablets, 30 Tabs",Generic,30,117112,1143013.12,9.76,0.33,Hetero Unit III Hyderabad IN,15735,37929,1175.02
83880,Uganda,PMO - US,From RDC,N/A - From RDC,Truck,27-Feb-15,24-Feb-15,ARV,Adult,SCMS from RDC,SKU0113,"Efavirenz/Lamivudine/Tenofovir Disoproxil Fumarate 600/300/300mg, tablets, 30 Tabs",Generic,30,2361,24200.25,10.25,0.34,"Aurobindo Unit VII, IN",1255,4438,28.48
83881,Uganda,PMO - US,From RDC,N/A - From RDC,Truck,17-Feb-15,31-Jan-15,ARV,Adult,SCMS from RDC,SKU0007,"Nevirapine 200mg, tablets, 60 Tabs",Generic,60,10059,21928.62,2.18,0.04,Hetero Unit III Hyderabad IN,632,2643.5,25.81
83882,Zambia,PMO - US,From RDC,N/A - From RDC,Truck,31-Mar-15,19-Feb-15,ARV,Adult,SCMS from RDC,SKU0026,"Efavirenz 600mg, tablets, 30 Tabs",Generic,30,41416,132945.36,3.21,0.11,"Strides, Bangalore, India.",7521,8265.26,136.67
83883,Mozambique,PMO - US,From RDC,N/A - From RDC,Truck,16-Mar-15,30-Mar-15,ARV,Adult,SCMS from RDC,SKU0058,"Abacavir 300mg, tablets, 60 Tabs",Generic,60,5280,59294.4,11.23,0.19,"Aurobindo Unit III, India",See DN-4115 (ID#:83306),See DN-4115 (ID#:83306),60.95
83885,Nigeria,PMO - US,From RDC,N/A - From RDC,Air Charter,2-Mar-15,5-Feb-15,ARV,Adult,SCMS from RDC,SKU0011,"Lamivudine/Zidovudine 150/300mg, tablets, 60 Tabs",Generic,60,164867,1088122.2,6.6,0.11,Mylan (formerly Matrix) Nashik,14794,34099.18,1118.59
83886,Nigeria,PMO - US,From RDC,N/A - From RDC,Air Charter,28-Feb-15,5-Feb-15,ARV,Adult,SCMS from RDC,SKU0054,"Lamivudine/Nevirapine/Zidovudine 150/200/300mg, tablets, 60 Tabs",Generic,60,42500,328100,7.72,0.13,Hetero Unit III Hyderabad IN,6229,12045.84,337.29
83888,Zimbabwe,PMO - US,From RDC,N/A - From RDC,Truck,9-Feb-15,10-Feb-15,ARV,Adult,SCMS from RDC,SKU0113,"Efavirenz/Lamivudine/Tenofovir Disoproxil Fumarate 600/300/300mg, tablets, 30 Tabs",Generic,30,400000,3904000,9.76,0.33,Mylan (formerly Matrix) Nashik,45186,47401.47,4013.31
83890,Côte d'Ivoire,PMO - US,From RDC,N/A - From RDC,Truck,27-Feb-15,11-Mar-15,ARV,Adult,SCMS from RDC,SKU0011,"Lamivudine/Zidovudine 150/300mg, tablets, 60 Tabs",Generic,60,100000,652000,6.52,0.11,Hetero Unit III Hyderabad IN,8855,33900.99,670.26
83891,Uganda,PMO - US,From RDC,N/A - From RDC,Truck,16-Mar-15,12-Mar-15,ARV,Pediatric,SCMS from RDC,SKU0140,"Lamivudine/Nevirapine/Zidovudine 30/50/60mg, dispersible tablets, 60 Tabs",Generic,60,6384,22982.4,3.6,0.06,Mylan (formerly Matrix) Nashik,382,1587.3,23.63
83893,Zimbabwe,PMO - US,From RDC,N/A - From RDC,Truck,30-Apr-15,17-Mar-15,ARV,Adult,SCMS from RDC,SKU0113,"Efavirenz/Lamivudine/Tenofovir Disoproxil Fumarate 600/300/300mg, tablets, 30 Tabs",Generic,30,81589,783254.4,9.6,0.32,"Aurobindo Unit VII, IN",21668,23559.93,921.89
83894,Burundi,PMO - US,From RDC,N/A - From RDC,Air,27-Feb-15,28-Feb-15,ARV,Adult,SCMS from RDC,SKU0008,"Lopinavir/Ritonavir 200/50mg [Aluvia], tablets, 120 Tabs",Aluvia,120,320,6048,18.9,0.16,ABBVIE Ludwigshafen Germany,See DN-4144 (ID#:82781),See DN-4144 (ID#:82781),7.12
83897,Rwanda,PMO - US,From RDC,N/A - From RDC,Truck,31-Mar-15,24-Mar-15,ARV,Pediatric,SCMS from RDC,SKU0157,"Abacavir/Lamivudine 60/30mg, dispersible tablets, 60 Tabs",Generic,60,24174,123045.66,5.09,0.08,"Cipla, Patalganga, India",See DN-4162 (ID#:82783),See DN-4162 (ID#:82783),126.49
83898,Zimbabwe,PMO - US,From RDC,N/A - From RDC,Truck,30-Apr-15,17-Mar-15,ARV,Adult,SCMS from RDC,SKU0152,"Abacavir/Lamivudine 600/300mg, tablets, 30 Tabs",Generic,30,1087,14294.05,13.15,0.44,Mylan (formerly Matrix) Nashik,102,129.75,14.69
83899,Rwanda,PMO - US,From RDC,N/A - From RDC,Air,30-Apr-15,27-Mar-15,ARV,Pediatric,SCMS from RDC,SKU0124,"Lamivudine/Zidovudine 30/60mg, dispersible tablets, 60 Tabs",Generic,60,3813,7435.35,1.95,0.03,"Mylan,  H-12 & H-13, India",Weight Captured Separately,Invoiced Separately,8.75
83900,Mozambique,PMO - US,From RDC,N/A - From RDC,Truck,31-May-15,13-May-15,ARV,Adult,SCMS from RDC,SKU0113,"Efavirenz/Lamivudine/Tenofovir Disoproxil Fumarate 600/300/300mg, tablets, 30 Tabs",Generic,30,619999,5951990.4,9.6,0.32,Hetero Unit III Hyderabad IN,90446,68874.85,7005.49
83901,Mozambique,PMO - US,From RDC,N/A - From RDC,Truck,31-May-15,13-May-15,ARV,Adult,SCMS from RDC,SKU0113,"Efavirenz/Lamivudine/Tenofovir Disoproxil Fumarate 600/300/300mg, tablets, 30 Tabs",Generic,30,122449,1175510.4,9.6,0.32,Mylan (formerly Matrix) Nashik,See DN-4191 (ID#:83900),See DN-4191 (ID#:83900),1383.58
83903,Uganda,PMO - US,From RDC,N/A - From RDC,Truck,15-Jun-15,14-May-15,ARV,Pediatric,SCMS from RDC,SKU0138,"Abacavir/Lamivudine 60/30mg, tablets, 60 Tabs",Generic,60,28524,112669.8,3.95,0.07,Mylan (formerly Matrix) Nashik,See DN-4218 (ID#:83326),See DN-4218 (ID#:83326),132.61
83904,Uganda,PMO - US,From RDC,N/A - From RDC,Truck,30-Apr-15,22-Apr-15,ARV,Pediatric,SCMS from RDC,SKU0140,"Lamivudine/Nevirapine/Zidovudine 30/50/60mg, dispersible tablets, 60 Tabs",Generic,60,832,2995.2,3.6,0.06,"Strides, Bangalore, India.",Weight Captured Separately,Invoiced Separately,3.08
83905,Uganda,PMO - US,From RDC,N/A - From RDC,Truck,15-Jun-15,14-May-15,ARV,Adult,SCMS from RDC,SKU0107,"Lamivudine/Tenofovir Disoproxil Fumarate 300/300mg, tablets, 30 Tabs",Generic,30,120742,554205.78,4.59,0.15,"Cipla, Kurkumbh, India",See DN-4218 (ID#:83326),See DN-4218 (ID#:83326),652.3
83906,Burundi,PMO - US,From RDC,N/A - From RDC,Air,30-Jun-15,22-Apr-15,ARV,Adult,SCMS from RDC,SKU0113,"Efavirenz/Lamivudine/Tenofovir Disoproxil Fumarate 600/300/300mg, tablets, 30 Tabs",Generic,30,8190,78624,9.6,0.32,Mylan (formerly Matrix) Nashik,1208,7564.47,92.54
83907,Zimbabwe,PMO - US,From RDC,N/A - From RDC,Truck,30-Apr-15,30-Apr-15,ARV,Pediatric,SCMS from RDC,SKU0140,"Lamivudine/Nevirapine/Zidovudine 30/50/60mg, dispersible tablets, 60 Tabs",Generic,60,15935,57366,3.6,0.06,Mylan (formerly Matrix) Nashik,13469,16679.87,67.52
83908,Mozambique,PMO - US,From RDC,N/A - From RDC,Truck,30-Jun-15,15-Jun-15,ARV,Adult,SCMS from RDC,SKU0107,"Lamivudine/Tenofovir Disoproxil Fumarate 300/300mg, tablets, 30 Tabs",Generic,30,56994,263312.28,4.62,0.15,"Hetero, Jadcherla, unit 5, IN",5358,5894.11,309.92
83909,Uganda,PMO - US,From RDC,N/A - From RDC,Truck,30-Apr-15,15-May-15,ARV,Adult,SCMS from RDC,SKU0011,"Lamivudine/Zidovudine 150/300mg, tablets, 60 Tabs",Generic,60,45671,297774.92,6.52,0.11,Hetero Unit III Hyderabad IN,4055,4112.56,350.48
83910,Nigeria,PMO - US,From RDC,N/A - From RDC,Air Charter,30-Jun-15,15-Apr-15,ARV,Adult,SCMS from RDC,SKU0054,"Lamivudine/Nevirapine/Zidovudine 150/200/300mg, tablets, 60 Tabs",Generic,60,131607,1016006.04,7.72,0.13,Mylan (formerly Matrix) Nashik,See DN-4229 (ID#:83332),See DN-4229 (ID#:83332),1044.45
83911,Côte d'Ivoire,PMO - US,From RDC,N/A - From RDC,Truck,19-Jun-15,8-Jun-15,ARV,Adult,SCMS from RDC,SKU0026,"Efavirenz 600mg, tablets, 30 Tabs",Generic,30,14996,46787.52,3.12,0.1,"Cipla, Goa, India",33428,49314.37,55.07
83912,"Congo, DRC",PMO - US,From RDC,N/A - From RDC,Air,8-Jul-15,7-Aug-15,ARV,Adult,SCMS from RDC,SKU0054,"Lamivudine/Nevirapine/Zidovudine 150/200/300mg, tablets, 60 Tabs",Generic,60,70971,547896.12,7.72,0.13,"Hetero, Jadcherla, unit 5, IN",Weight Captured Separately,Invoiced Separately,644.87
83913,"Congo, DRC",PMO - US,From RDC,N/A - From RDC,Air,8-Jul-15,30-Jul-15,ARV,Adult,SCMS from RDC,SKU0152,"Abacavir/Lamivudine 600/300mg, tablets, 30 Tabs",Generic,30,820,10783,13.15,0.44,Mylan (formerly Matrix) Nashik,See DN-4285 (ID#:82806),See DN-4285 (ID#:82806),12.69
83914,South Sudan,PMO - US,From RDC,N/A - From RDC,Air,28-Jul-15,19-Jun-15,ARV,Adult,SCMS from RDC,SKU0113,"Efavirenz/Lamivudine/Tenofovir Disoproxil Fumarate 600/300/300mg, tablets, 30 Tabs",Generic,30,56400,541440,9.6,0.32,Mylan (formerly Matrix) Nashik,Weight Captured Separately,Invoiced Separately,637.27
83915,Senegal,PMO - US,From RDC,N/A - From RDC,Air,22-Jun-15,25-Jun-15,ARV,Adult,SCMS from RDC,SKU0008,"Lopinavir/Ritonavir 200/50mg [Aluvia], tablets, 120 Tabs",Aluvia,120,100,1864,18.64,0.16,ABBVIE Ludwigshafen Germany,21,632.63,2.19
83916,Burundi,PMO - US,From RDC,N/A - From RDC,Air,31-Jul-15,10-Jul-15,ARV,Adult,SCMS from RDC,SKU0135,"Lopinavir/Ritonavir 200/50mg, tablets, 120 Tabs",Generic,120,240,4646.4,19.36,0.16,"Aurobindo Unit III, India",58,1289.48,5.47
83917,Rwanda,PMO - US,From RDC,N/A - From RDC,Truck,30-Jun-15,29-Jun-15,ARV,Pediatric,SCMS from RDC,SKU0157,"Abacavir/Lamivudine 60/30mg, dispersible tablets, 60 Tabs",Generic,60,11584,58962.56,5.09,0.08,"Cipla, Patalganga, India",1043,8819.61,60.61
83919,Nigeria,PMO - US,From RDC,N/A - From RDC,Air,30-Jun-15,22-Jun-15,ARV,Adult,SCMS from RDC,SKU0107,"Lamivudine/Tenofovir Disoproxil Fumarate 300/300mg, tablets, 30 Tabs",Generic,30,55851,256356.09,4.59,0.15,Hetero Unit III Hyderabad IN,6183,47281.56,301.73
83920,Zimbabwe,PMO - US,From RDC,N/A - From RDC,Truck,31-Jul-15,15-Jul-15,ARV,Pediatric,SCMS from RDC,SKU0124,"Lamivudine/Zidovudine 30/60mg, dispersible tablets, 60 Tabs",Generic,60,21000,41790,1.99,0.03,"Mylan,  H-12 & H-13, India",25880,46111.55,49.19
83921,Côte d'Ivoire,PMO - US,From RDC,N/A - From RDC,Truck,31-Jul-15,6-Aug-15,ARV,Adult,SCMS from RDC,SKU0107,"Lamivudine/Tenofovir Disoproxil Fumarate 300/300mg, tablets, 30 Tabs",Generic,30,6750,31185,4.62,0.15,"Hetero, Jadcherla, unit 5, IN",4426,14734.92,36.7
83922,Cameroon,PMO - US,From RDC,N/A - From RDC,Air,10-Aug-15,19-Aug-15,ARV,Adult,SCMS from RDC,SKU0135,"Lopinavir/Ritonavir 200/50mg, tablets, 120 Tabs",Generic,120,12000,232320,19.36,0.16,"Aurobindo Unit III, India",2912,32165.56,273.44
83925,Zambia,PMO - US,From RDC,N/A - From RDC,Truck,17-Aug-15,25-Aug-15,ARV,Adult,SCMS from RDC,SKU0058,"Abacavir 300mg, tablets, 60 Tabs",Generic,60,19099,211807.91,11.09,0.18,"Aurobindo Unit III, India",9459,Freight Included in Commodity Cost,217.74
83926,Zambia,PMO - US,From RDC,N/A - From RDC,Truck,14-Aug-15,25-Aug-15,ARV,Adult,SCMS from RDC,SKU0007,"Nevirapine 200mg, tablets, 60 Tabs",Generic,60,61154,133315.72,2.18,0.04,"Cipla, Goa, India",7957,Freight Included in Commodity Cost,137.05
83929,Zimbabwe,PMO - US,From RDC,N/A - From RDC,Truck,31-Dec-15,4-Aug-15,ARV,Pediatric,SCMS from RDC,SKU0142,"Efavirenz 200mg, scored tablets, 90 Tabs",Generic,90,1482,13782.6,9.3,0.1,"Strides, Bangalore, India.",90,Freight Included in Commodity Cost,16.22
83930,Nigeria,PMO - US,From RDC,N/A - From RDC,Air,30-Sep-15,28-Aug-15,ARV,Adult,SCMS from RDC,SKU0152,"Abacavir/Lamivudine 600/300mg, tablets, 30 Tabs",Generic,30,5025,65877.75,13.11,0.44,Mylan (formerly Matrix) Nashik,Weight Captured Separately,Invoiced Separately,77.54
83932,Rwanda,PMO - US,From RDC,N/A - From RDC,Air,8-Sep-15,26-Aug-15,ARV,Pediatric,SCMS from RDC,SKU0140,"Lamivudine/Nevirapine/Zidovudine 30/50/60mg, dispersible tablets, 60 Tabs",Generic,60,3408,12098.4,3.55,0.06,"Strides, Bangalore, India.",Weight Captured Separately,Invoiced Separately,14.24
83948,Nigeria,PMO - US,From RDC,N/A - From RDC,Air Charter,30-Jul-09,4-Aug-09,ARV,Adult,SCMS from RDC,SKU0011,"Lamivudine/Zidovudine 150/300mg, tablets, 60 Tabs",Generic,60,214,1874.64,8.76,0.15,"Aurobindo Unit III, India",See DN-1311 (ID#:82837),See DN-1311 (ID#:82837),3.67
83949,Nigeria,PMO - US,From RDC,N/A - From RDC,Air Charter,30-Jul-09,4-Aug-09,ARV,Pediatric,SCMS from RDC,SKU0048,"Lamivudine 10mg/ml, oral solution, Bottle, 240 ml",Generic,240,75,142.5,1.9,0.01,"Aurobindo Unit III, India",See DN-1311 (ID#:82837),See DN-1311 (ID#:82837),0.28
83950,Nigeria,PMO - US,From RDC,N/A - From RDC,Air Charter,30-Oct-09,20-Oct-09,ARV,Pediatric,SCMS from RDC,SKU0066,"Efavirenz 200mg, capsule, 90 Caps",Generic,90,24,290.88,12.12,0.13,"Aurobindo Unit III, India",See DN-1452 (ID#:82272),See DN-1452 (ID#:82272),0.57
83951,Nigeria,PMO - US,From RDC,N/A - From RDC,Air Charter,30-Oct-09,20-Oct-09,ARV,Adult,SCMS from RDC,SKU0044,"Lamivudine/Nevirapine/Stavudine 150/200/30mg, tablets, 60 Tabs",Generic,60,63,441,7,0.12,"Strides, Bangalore, India.",See DN-1452 (ID#:82272),See DN-1452 (ID#:82272),0.86
83953,Nigeria,PMO - US,From RDC,N/A - From RDC,Air Charter,18-Dec-09,20-Nov-09,ARV,Adult,SCMS from RDC,SKU0004,"Stavudine 30mg, capsules, 60 Caps",Generic,60,4050,5913,1.46,0.02,"Aurobindo Unit III, India",See DN-1493 (ID#:83374),See DN-1493 (ID#:83374),11.59
83954,Nigeria,PMO - US,From RDC,N/A - From RDC,Air Charter,18-Dec-09,20-Nov-09,ARV,Adult,SCMS from RDC,SKU0014,"Zidovudine 300mg, tablets, 60 Tabs",Generic,60,8383,63123.99,7.53,0.13,"Aurobindo Unit III, India",See DN-1493 (ID#:83374),See DN-1493 (ID#:83374),123.72
83955,Mozambique,PMO - US,From RDC,N/A - From RDC,Truck,1-Dec-09,18-Nov-09,ARV,Adult,SCMS from RDC,SKU0014,"Zidovudine 300mg, tablets, 60 Tabs",Generic,60,16566,127723.86,7.71,0.13,Hetero Unit III Hyderabad IN,921,4468.51,250.34
83956,Zimbabwe,PMO - US,From RDC,N/A - From RDC,Truck,15-Nov-09,9-Nov-09,ARV,Adult,SCMS from RDC,SKU0026,"Efavirenz 600mg, tablets, 30 Tabs",Generic,30,4000,23120,5.78,0.19,"Aurobindo Unit III, India",See DN-1500 (ID#:82274),See DN-1500 (ID#:82274),45.32
83957,Zimbabwe,PMO - US,From RDC,N/A - From RDC,Truck,15-Nov-09,9-Nov-09,ARV,Adult,SCMS from RDC,SKU0104,"Lamivudine/Stavudine 150/30mg, tablets, 60 Tabs",Generic,60,4000,16000,4,0.07,"Cipla, Goa, India",See DN-1500 (ID#:82274),See DN-1500 (ID#:82274),31.36
83958,Haiti,PMO - US,From RDC,N/A - From RDC,Air,18-Nov-09,5-Nov-09,ARV,Adult,SCMS from RDC,SKU0003,"Lamivudine 150mg, tablets, 60 Tabs",Generic,60,10167,24807.48,2.44,0.04,"Aurobindo Unit III, India",487,6113.34,53.48
83959,Zambia,PMO - US,From RDC,N/A - From RDC,Truck,15-Nov-09,13-Nov-09,ARV,Adult,SCMS from RDC,SKU0026,"Efavirenz 600mg, tablets, 30 Tabs",Generic,30,61059,352921.02,5.78,0.19,"Emcure Plot No.P-2, I.T-B.T. Park, Phase II, MIDC, Hinjwadi, Pune, India",4305,9935.88,691.73
83960,Uganda,PMO - US,From RDC,N/A - From RDC,Air,21-Nov-09,12-Nov-09,ARV,Adult,SCMS from RDC,SKU0026,"Efavirenz 600mg, tablets, 30 Tabs",Generic,30,200,1156,5.78,0.19,"Aurobindo Unit III, India",22,709.02,2.27
83961,Côte d'Ivoire,PMO - US,From RDC,N/A - From RDC,Air,1-Dec-09,2-Dec-09,ARV,Pediatric,SCMS from RDC,SKU0065,"Zidovudine 100mg, capsules, 100 Caps",Generic,100,2352,11760,5,0.05,"Aurobindo Unit III, India",3189,1211.48,23.05
83962,Côte d'Ivoire,PMO - US,From RDC,N/A - From RDC,Air,1-Dec-09,2-Dec-09,ARV,Pediatric,SCMS from RDC,SKU0092,"Didanosine 200mg, chewable/dispersible tablets, 60 Tabs",Generic,60,1833,28411.5,15.5,0.26,"Aurobindo Unit III, India",378,1211.48,55.69
83963,Côte d'Ivoire,PMO - US,From RDC,N/A - From RDC,Air,30-Nov-09,2-Dec-09,ARV,Adult,SCMS from RDC,SKU0058,"Abacavir 300mg, tablets, 60 Tabs",Generic,60,2590,55477.8,21.42,0.36,Mylan (formerly Matrix) Nashik,257,1211.48,108.74
83964,Haiti,PMO - US,From RDC,N/A - From RDC,Air,30-Nov-09,30-Nov-09,ARV,Adult,SCMS from RDC,SKU0059,"Stavudine 20mg, capsules, 60 Caps",Generic,60,108,180.36,1.67,0.03,"Aurobindo Unit III, India",1857,11091.78,0.39
83965,Haiti,PMO - US,From RDC,N/A - From RDC,Air,2-Dec-09,30-Nov-09,ARV,Adult,SCMS from RDC,SKU0014,"Zidovudine 300mg, tablets, 60 Tabs",Generic,60,990,7454.7,7.53,0.13,"Aurobindo Unit III, India",109,10331.78,16.07
83966,Zambia,PMO - US,From RDC,N/A - From RDC,Air,30-Nov-09,11-Nov-09,ARV,Adult,SCMS from RDC,SKU0003,"Lamivudine 150mg, tablets, 60 Tabs",Generic,60,16539,40355.16,2.44,0.04,"Aurobindo Unit III, India",796,4234.42,79.1
83967,Uganda,PMO - US,From RDC,N/A - From RDC,Air,7-Dec-09,30-Nov-09,ARV,Adult,SCMS from RDC,SKU0011,"Lamivudine/Zidovudine 150/300mg, tablets, 60 Tabs",Generic,60,3350,29346,8.76,0.15,Mylan (formerly Matrix) Nashik,See DN-1541 (ID#:82846),See DN-1541 (ID#:82846),57.52
83968,Nigeria,PMO - US,From RDC,N/A - From RDC,Air Charter,18-Dec-09,18-Dec-09,ARV,Adult,SCMS from RDC,SKU0054,"Lamivudine/Nevirapine/Zidovudine 150/200/300mg, tablets, 60 Tabs",Generic,60,28000,317800,11.35,0.19,"Aurobindo Unit III, India",3239,11637.64,622.89
83969,Zambia,PMO - US,From RDC,N/A - From RDC,Truck,15-Jan-10,3-Dec-09,ARV,Adult,SCMS from RDC,SKU0007,"Nevirapine 200mg, tablets, 60 Tabs",Generic,60,29683,86080.7,2.9,0.05,"Cipla, Goa, India",3254,8104.79,168.72
83970,Uganda,PMO - US,From RDC,N/A - From RDC,Air,3-Feb-10,23-Dec-09,ARV,Adult,SCMS from RDC,SKU0004,"Stavudine 30mg, capsules, 60 Caps",Generic,60,100,146,1.46,0.02,"Aurobindo Unit III, India",7,523.64,0.31
83971,Vietnam,PMO - US,From RDC,N/A - From RDC,Air,11-Feb-10,18-Dec-09,ARV,Adult,SCMS from RDC,SKU0011,"Lamivudine/Zidovudine 150/300mg, tablets, 60 Tabs",Generic,60,6384,55923.84,8.76,0.15,"Aurobindo Unit III, India",579,3119.75,120.57
83972,Haiti,PMO - US,From RDC,N/A - From RDC,Air,11-Jan-10,8-Jan-10,ARV,Adult,SCMS from RDC,SKU0026,"Efavirenz 600mg, tablets, 30 Tabs",Generic,30,13577,78475.06,5.78,0.19,"Aurobindo Unit III, India",See DN-1605 (ID#:82284),See DN-1605 (ID#:82284),169.19
83973,Ethiopia,PMO - US,From RDC,N/A - From RDC,Air,28-Feb-10,15-Jan-10,ARV,Adult,SCMS from RDC,SKU0011,"Lamivudine/Zidovudine 150/300mg, tablets, 60 Tabs",Generic,60,16019,140326.44,8.76,0.15,"Aurobindo Unit III, India",1454,5187.5,302.54
83974,Côte d'Ivoire,PMO - US,From RDC,N/A - From RDC,Air,8-Feb-10,23-Jan-10,ARV,Adult,SCMS from RDC,SKU0026,"Efavirenz 600mg, tablets, 30 Tabs",Generic,30,8676,50147.28,5.78,0.19,"Aurobindo Unit III, India",4845,5254.1,98.29
83975,Uganda,PMO - US,From RDC,N/A - From RDC,Truck,11-Feb-10,29-Jan-10,ARV,Adult,SCMS from RDC,SKU0011,"Lamivudine/Zidovudine 150/300mg, tablets, 60 Tabs",Generic,60,380,3328.8,8.76,0.15,Mylan (formerly Matrix) Nashik,67,1549.83,7.18
83976,Côte d'Ivoire,PMO - US,From RDC,N/A - From RDC,Air,6-Apr-10,15-Feb-10,ARV,Adult,SCMS from RDC,SKU0007,"Nevirapine 200mg, tablets, 60 Tabs",Generic,60,4319,11790.87,2.73,0.05,"Aurobindo Unit III, India",409,1083.3,23.11
83977,Zambia,PMO - US,From RDC,N/A - From RDC,Truck,15-Mar-10,5-Mar-10,ARV,Adult,SCMS from RDC,SKU0044,"Lamivudine/Nevirapine/Stavudine 150/200/30mg, tablets, 60 Tabs",Generic,60,20602,133294.94,6.47,0.11,"Cipla, Goa, India",See DN-1643 (ID#:82293),See DN-1643 (ID#:82293),261.26
83978,Zambia,PMO - US,From RDC,N/A - From RDC,Truck,15-Mar-10,5-Mar-10,ARV,Adult,SCMS from RDC,SKU0007,"Nevirapine 200mg, tablets, 60 Tabs",Generic,60,50000,136500,2.73,0.05,"Cipla, Goa, India",See DN-1643 (ID#:82293),See DN-1643 (ID#:82293),267.54
83979,Zambia,PMO - US,From RDC,N/A - From RDC,Truck,15-Mar-10,5-Mar-10,ARV,Adult,SCMS from RDC,SKU0044,"Lamivudine/Nevirapine/Stavudine 150/200/30mg, tablets, 60 Tabs",Generic,60,1541,9970.27,6.47,0.11,"Strides, Bangalore, India.",See DN-1643 (ID#:82293),See DN-1643 (ID#:82293),19.54
83980,Zimbabwe,PMO - US,From RDC,N/A - From RDC,Truck,31-Mar-10,12-Mar-10,ARV,Adult,SCMS from RDC,SKU0104,"Lamivudine/Stavudine 150/30mg, tablets, 60 Tabs",Generic,60,4000,13600,3.4,0.06,"Cipla, Goa, India",632,3302.14,26.66
83981,Côte d'Ivoire,PMO - US,From RDC,N/A - From RDC,Air,9-Mar-10,1-Mar-10,ARV,Pediatric,SCMS from RDC,SKU0066,"Efavirenz 200mg, capsule, 90 Caps",Generic,90,2066,20804.62,10.07,0.11,"Aurobindo Unit III, India",1560,3688.33,40.78
83982,Haiti,PMO - US,From RDC,N/A - From RDC,Air,10-Mar-10,3-Mar-10,ARV,Adult,SCMS from RDC,SKU0041,"Stavudine 15mg, capsules, 60 Caps",Generic,60,84,126,1.5,0.02,"Aurobindo Unit III, India",See DN-1667 (ID#:82861),See DN-1667 (ID#:82861),0.27
83983,Haiti,PMO - US,From RDC,N/A - From RDC,Air,15-Mar-10,15-Mar-10,ARV,Adult,SCMS from RDC,SKU0007,"Nevirapine 200mg, tablets, 60 Tabs",Generic,60,11500,31395,2.73,0.05,Hetero Unit III Hyderabad IN,1870,13122.39,67.69
83984,Haiti,PMO - US,From RDC,N/A - From RDC,Air,15-Mar-10,15-Mar-10,ARV,Pediatric,SCMS from RDC,SKU0048,"Lamivudine 10mg/ml, oral solution, Bottle, 240 ml",Generic,240,3136,5958.4,1.9,0.01,"Cipla, Goa, India",See DN-1673 (ID#:83983),See DN-1673 (ID#:83983),12.85
83985,Uganda,PMO - US,From RDC,N/A - From RDC,Air,22-Mar-10,17-Mar-10,ARV,Adult,SCMS from RDC,SKU0026,"Efavirenz 600mg, tablets, 30 Tabs",Generic,30,5000,25650,5.13,0.17,"Aurobindo Unit III, India",456,5186.68,55.3
83986,Côte d'Ivoire,PMO - US,From RDC,N/A - From RDC,Air,9-Mar-10,10-Mar-10,ARV,Pediatric,SCMS from RDC,SKU0066,"Efavirenz 200mg, capsule, 90 Caps",Generic,90,769,7743.83,10.07,0.11,"Aurobindo Unit III, India",93,4519.96,15.18
83987,Nigeria,PMO - US,From RDC,N/A - From RDC,Air Charter,19-Apr-10,31-Mar-10,ARV,Adult,SCMS from RDC,SKU0011,"Lamivudine/Zidovudine 150/300mg, tablets, 60 Tabs",Generic,60,5000,43800,8.76,0.15,"Aurobindo Unit III, India",452,Freight Included in Commodity Cost,94.43
83988,Nigeria,PMO - US,From RDC,N/A - From RDC,Air Charter,19-Apr-10,31-Mar-10,ARV,Adult,SCMS from RDC,SKU0054,"Lamivudine/Nevirapine/Zidovudine 150/200/300mg, tablets, 60 Tabs",Generic,60,100000,1122000,11.22,0.19,"Aurobindo Unit III, India",11725,Freight Included in Commodity Cost,2419.03
83989,Nigeria,PMO - US,From RDC,N/A - From RDC,Air Charter,19-Apr-10,30-Mar-10,ARV,Adult,SCMS from RDC,SKU0054,"Lamivudine/Nevirapine/Zidovudine 150/200/300mg, tablets, 60 Tabs",Generic,60,20518,230211.96,11.22,0.19,"Aurobindo Unit III, India",2407,Freight Included in Commodity Cost,496.34
83990,Nigeria,PMO - US,From RDC,N/A - From RDC,Air Charter,19-Apr-10,18-May-10,ARV,Adult,SCMS from RDC,SKU0107,"Lamivudine/Tenofovir Disoproxil Fumarate 300/300mg, tablets, 30 Tabs",Generic,30,40148,401480,10,0.33,Mylan (formerly Matrix) Nashik,3312,9736.1,865.59
83991,Nigeria,PMO - US,From RDC,N/A - From RDC,Air Charter,19-Apr-10,31-Mar-10,ARV,Adult,SCMS from RDC,SKU0014,"Zidovudine 300mg, tablets, 60 Tabs",Generic,60,905,6787.5,7.5,0.12,Mylan (formerly Matrix) Nashik,47,Freight Included in Commodity Cost,14.63
83992,Uganda,PMO - US,From RDC,N/A - From RDC,Truck,12-Apr-10,25-Mar-10,ARV,Adult,SCMS from RDC,SKU0011,"Lamivudine/Zidovudine 150/300mg, tablets, 60 Tabs",Generic,60,4200,36792,8.76,0.15,Hetero Unit III Hyderabad IN,275,11991.12,79.32
83993,Uganda,PMO - US,From RDC,N/A - From RDC,Air,4-Jun-10,12-Apr-10,ARV,Adult,SCMS from RDC,SKU0014,"Zidovudine 300mg, tablets, 60 Tabs",Generic,60,90,675,7.5,0.12,"Aurobindo Unit III, India",4,521.52,1.46
83995,Rwanda,PMO - US,From RDC,N/A - From RDC,Air,15-Jun-10,19-Apr-10,ARV,Adult,SCMS from RDC,SKU0054,"Lamivudine/Nevirapine/Zidovudine 150/200/300mg, tablets, 60 Tabs",Generic,60,25000,280500,11.22,0.19,"Aurobindo Unit III, India",2930,42573.95,604.76
83996,Nigeria,PMO - US,From RDC,N/A - From RDC,Air Charter,31-May-10,18-May-10,ARV,Adult,SCMS from RDC,SKU0026,"Efavirenz 600mg, tablets, 30 Tabs",Generic,30,210,997.5,4.75,0.16,"Aurobindo Unit III, India",19,9736.1,2.15
83997,Nigeria,PMO - US,From RDC,N/A - From RDC,Air Charter,31-May-10,18-May-10,ARV,Adult,SCMS from RDC,SKU0014,"Zidovudine 300mg, tablets, 60 Tabs",Generic,60,9924,74430,7.5,0.12,"Aurobindo Unit III, India",544,9736.1,160.47
83998,Guyana,PMO - US,From RDC,N/A - From RDC,Air,30-Jun-10,27-May-10,ARV,Pediatric,SCMS from RDC,SKU0065,"Zidovudine 100mg, capsules, 100 Caps",Generic,100,564,2729.76,4.84,0.05,"Aurobindo Unit III, India",See DN-1800 (ID#:83422),See DN-1800 (ID#:83422),5.89
83999,Nigeria,PMO - US,From RDC,N/A - From RDC,Air Charter,31-May-10,18-May-10,ARV,Adult,SCMS from RDC,SKU0132,"Efavirenz/Emtricitabine/Tenofovir Disoproxil Fumarate 600/200/300mg, tablets, 30 Tabs",Generic,30,1590,31672.8,19.92,0.66,Mylan (formerly Matrix) Nashik,174,9736.1,68.29
84000,Nigeria,PMO - US,From RDC,N/A - From RDC,Air Charter,31-May-10,18-May-10,ARV,Adult,SCMS from RDC,SKU0007,"Nevirapine 200mg, tablets, 60 Tabs",Generic,60,46001,122362.66,2.66,0.04,"Strides, Bangalore, India.",2526,9736.1,263.81
84001,Zambia,PMO - US,From RDC,N/A - From RDC,Truck,17-May-10,11-May-10,ARV,Adult,SCMS from RDC,SKU0011,"Lamivudine/Zidovudine 150/300mg, tablets, 60 Tabs",Generic,60,27440,240374.4,8.76,0.15,"Aurobindo Unit III, India",2475,4964.27,471.13
84002,Zimbabwe,PMO - US,From RDC,N/A - From RDC,Air,28-May-10,31-May-10,ARV,Adult,SCMS from RDC,SKU0044,"Lamivudine/Nevirapine/Stavudine 150/200/30mg, tablets, 60 Tabs",Generic,60,298,1743.3,5.85,0.1,"Cipla, Goa, India",31,3833.17,3.76
84039,Côte d'Ivoire,PMO - US,From RDC,N/A - From RDC,Air,30-Sep-10,6-Sep-10,ARV,Pediatric,SCMS from RDC,SKU0092,"Didanosine 200mg, chewable/dispersible tablets, 60 Tabs",Generic,60,632,9796,15.5,0.26,"Aurobindo Unit III, India",134,8815.65,21.12
84003,Mozambique,PMO - US,From RDC,N/A - From RDC,Truck,30-Jun-10,14-Jun-10,ARV,Adult,SCMS from RDC,SKU0054,"Lamivudine/Nevirapine/Zidovudine 150/200/300mg, tablets, 60 Tabs",Generic,60,46000,516120,11.22,0.19,Mylan (formerly Matrix) Nashik,See DN-1832 (ID#:82321),See DN-1832 (ID#:82321),1112.75
84004,Uganda,PMO - US,From RDC,N/A - From RDC,Air,31-May-10,19-May-10,ARV,Adult,SCMS from RDC,SKU0044,"Lamivudine/Nevirapine/Stavudine 150/200/30mg, tablets, 60 Tabs",Generic,60,7800,47658,6.11,0.1,"Strides, Bangalore, India.",580,6637.05,102.75
84005,Zimbabwe,PMO - US,From RDC,N/A - From RDC,Truck,30-Jul-10,31-May-10,ARV,Adult,SCMS from RDC,SKU0026,"Efavirenz 600mg, tablets, 30 Tabs",Generic,30,5900,28025,4.75,0.16,"Aurobindo Unit III, India",509,3833.17,60.42
84006,Uganda,PMO - US,From RDC,N/A - From RDC,Air,9-Jun-10,25-May-10,ARV,Adult,SCMS from RDC,SKU0054,"Lamivudine/Nevirapine/Zidovudine 150/200/300mg, tablets, 60 Tabs",Generic,60,4782,53654.04,11.22,0.19,Mylan (formerly Matrix) Nashik,617,8676.9,115.68
84007,Haiti,PMO - US,From RDC,N/A - From RDC,Air,2-Jun-10,9-Jun-10,ARV,Pediatric,SCMS from RDC,SKU0048,"Lamivudine 10mg/ml, oral solution, Bottle, 240 ml",Generic,240,3168,6336,2,0.01,"Cipla, Goa, India",1765,18473.1,13.66
84008,Uganda,PMO - US,From RDC,N/A - From RDC,Air,9-Jun-10,15-Jun-10,ARV,Adult,SCMS from RDC,SKU0105,"Emtricitabine/Tenofovir Disoproxil Fumarate 200/300mg, tablets, 30 Tabs",Generic,30,2797,32864.75,11.75,0.39,Mylan (formerly Matrix) Nashik,210,5841.92,70.86
84009,Ethiopia,PMO - US,From RDC,N/A - From RDC,Air,30-Jun-10,18-Jun-10,ARV,Adult,SCMS from RDC,SKU0003,"Lamivudine 150mg, tablets, 60 Tabs",Generic,60,20000,46600,2.33,0.04,"Aurobindo Unit III, India",955,6154.8,100.47
84010,Rwanda,PMO - US,From RDC,N/A - From RDC,Air,15-Jul-10,7-Jul-10,ARV,Adult,SCMS from RDC,SKU0054,"Lamivudine/Nevirapine/Zidovudine 150/200/300mg, tablets, 60 Tabs",Generic,60,5869,65850.18,11.22,0.19,Mylan (formerly Matrix) Nashik,758,8929.51,141.97
84012,Zambia,PMO - US,From RDC,N/A - From RDC,Truck,4-Nov-10,29-Jun-10,ARV,Adult,SCMS from RDC,SKU0026,"Efavirenz 600mg, tablets, 30 Tabs",Generic,30,100000,460000,4.6,0.15,Hetero Unit III Hyderabad IN,See DN-1875 (ID#:82330),See DN-1875 (ID#:82330),991.76
84013,Mozambique,PMO - US,From RDC,N/A - From RDC,Air,31-Aug-10,20-Jul-10,ARV,Adult,SCMS from RDC,SKU0007,"Nevirapine 200mg, tablets, 60 Tabs",Generic,60,3000,7980,2.66,0.04,"Strides, Bangalore, India.",210,1894.2,15.64
84014,Nigeria,PMO - US,From RDC,N/A - From RDC,Air,15-Jul-10,28-Jun-10,ARV,Adult,SCMS from RDC,SKU0007,"Nevirapine 200mg, tablets, 60 Tabs",Generic,60,46678,127430.94,2.73,0.05,"Aurobindo Unit III, India",4490,Freight Included in Commodity Cost,274.74
84015,Nigeria,PMO - US,From RDC,N/A - From RDC,Air,15-Jul-10,28-Jun-10,ARV,Adult,SCMS from RDC,SKU0026,"Efavirenz 600mg, tablets, 30 Tabs",Generic,30,28500,131100,4.6,0.15,"Aurobindo Unit III, India",2442,Freight Included in Commodity Cost,282.65
84016,Nigeria,PMO - US,From RDC,N/A - From RDC,Air,15-Jul-10,28-Jun-10,ARV,Adult,SCMS from RDC,SKU0026,"Efavirenz 600mg, tablets, 30 Tabs",Generic,30,804,3698.4,4.6,0.15,"Aurobindo Unit III, India",68,Freight Included in Commodity Cost,7.97
84017,Nigeria,PMO - US,From RDC,N/A - From RDC,Air,15-Jul-10,28-Jun-10,ARV,Adult,SCMS from RDC,SKU0014,"Zidovudine 300mg, tablets, 60 Tabs",Generic,60,200,1500,7.5,0.12,"Aurobindo Unit III, India",11,Freight Included in Commodity Cost,3.23
84018,Nigeria,PMO - US,From RDC,N/A - From RDC,Air,15-Jul-10,28-Jun-10,ARV,Pediatric,SCMS from RDC,SKU0066,"Efavirenz 200mg, capsule, 90 Caps",Generic,90,500,4855,9.71,0.11,"Aurobindo Unit III, India",60,Freight Included in Commodity Cost,10.47
84019,Tanzania,PMO - US,From RDC,N/A - From RDC,Air,19-Jul-10,4-Aug-10,ARV,Adult,SCMS from RDC,SKU0058,"Abacavir 300mg, tablets, 60 Tabs",Generic,60,23358,400356.12,17.14,0.29,Mylan (formerly Matrix) Nashik,2344,9309.52,863.17
84020,Nigeria,PMO - US,From RDC,N/A - From RDC,Air,15-Jul-10,28-Jun-10,ARV,Adult,SCMS from RDC,SKU0011,"Lamivudine/Zidovudine 150/300mg, tablets, 60 Tabs",Generic,60,23856,208978.56,8.76,0.15,Mylan (formerly Matrix) Nashik,1918,Freight Included in Commodity Cost,450.56
84021,Nigeria,PMO - US,From RDC,N/A - From RDC,Air,15-Jul-10,28-Jun-10,ARV,Adult,SCMS from RDC,SKU0011,"Lamivudine/Zidovudine 150/300mg, tablets, 60 Tabs",Generic,60,4674,40944.24,8.76,0.15,Mylan (formerly Matrix) Nashik,376,Freight Included in Commodity Cost,88.28
84022,Tanzania,PMO - US,From RDC,N/A - From RDC,Air,21-Jul-10,21-Jul-10,ARV,Adult,SCMS from RDC,SKU0007,"Nevirapine 200mg, tablets, 60 Tabs",Generic,60,38500,105105,2.73,0.05,"Strides, Bangalore, India.",2695,13457.25,226.61
84023,Zimbabwe,PMO - US,From RDC,N/A - From RDC,Air,30-Jul-10,22-Jul-10,ARV,Adult,SCMS from RDC,SKU0104,"Lamivudine/Stavudine 150/30mg, tablets, 60 Tabs",Generic,60,5900,19352,3.28,0.05,"Cipla, Goa, India",See DN-1948 (ID#:82906),See DN-1948 (ID#:82906),41.72
84024,Zimbabwe,PMO - US,From RDC,N/A - From RDC,Air,30-Jul-10,22-Jul-10,ARV,Adult,SCMS from RDC,SKU0014,"Zidovudine 300mg, tablets, 60 Tabs",Generic,60,5880,42394.8,7.21,0.12,"Aurobindo Unit III, India",See DN-1948 (ID#:82906),See DN-1948 (ID#:82906),91.4
84025,Zimbabwe,PMO - US,From RDC,N/A - From RDC,Air,30-Jul-10,22-Jul-10,ARV,Adult,SCMS from RDC,SKU0011,"Lamivudine/Zidovudine 150/300mg, tablets, 60 Tabs",Generic,60,560,4905.6,8.76,0.15,"Aurobindo Unit III, India",See DN-1948 (ID#:82906),See DN-1948 (ID#:82906),10.58
84026,Ethiopia,PMO - US,From RDC,N/A - From RDC,Air,21-Sep-10,19-Jul-10,ARV,Adult,SCMS from RDC,SKU0044,"Lamivudine/Nevirapine/Stavudine 150/200/30mg, tablets, 60 Tabs",Generic,60,29315,167974.95,5.73,0.1,"Cipla, Goa, India",3931,13215.67,362.15
84027,Nigeria,PMO - US,From RDC,N/A - From RDC,Air Charter,16-Aug-10,17-Aug-10,ARV,Adult,SCMS from RDC,SKU0054,"Lamivudine/Nevirapine/Zidovudine 150/200/300mg, tablets, 60 Tabs",Generic,60,28868,323898.96,11.22,0.19,"Aurobindo Unit III, India",3570,6147.18,698.33
84028,Haiti,PMO - US,From RDC,N/A - From RDC,Air,24-Aug-10,23-Aug-10,ARV,Adult,SCMS from RDC,SKU0014,"Zidovudine 300mg, tablets, 60 Tabs",Generic,60,2280,16438.8,7.21,0.12,"Aurobindo Unit III, India",123,2136.1,35.44
84029,Nigeria,PMO - US,From RDC,N/A - From RDC,Air Charter,31-Aug-10,17-Aug-10,ARV,Adult,SCMS from RDC,SKU0105,"Emtricitabine/Tenofovir Disoproxil Fumarate 200/300mg, tablets, 30 Tabs",Generic,30,30000,352500,11.75,0.39,Mylan (formerly Matrix) Nashik,2700,6147.18,759.99
84030,Nigeria,PMO - US,From RDC,N/A - From RDC,Air Charter,31-Aug-10,17-Aug-10,ARV,Adult,SCMS from RDC,SKU0054,"Lamivudine/Nevirapine/Zidovudine 150/200/300mg, tablets, 60 Tabs",Generic,60,54125,607282.5,11.22,0.19,"Aurobindo Unit III, India",7050,6147.18,1309.3
84031,Ethiopia,PMO - US,From RDC,N/A - From RDC,Air,17-Aug-10,9-Aug-10,ARV,Adult,SCMS from RDC,SKU0014,"Zidovudine 300mg, tablets, 60 Tabs",Generic,60,5000,36050,7.21,0.12,"Aurobindo Unit III, India",196,1229.52,77.72
84032,Côte d'Ivoire,PMO - US,From RDC,N/A - From RDC,Air,31-Aug-10,23-Aug-10,ARV,Pediatric,SCMS from RDC,SKU0049,"Efavirenz 50mg, capsule, 30 Caps",Generic,30,2436,5456.64,2.24,0.07,"Aurobindo Unit III, India",See DN-1984 (ID#:83453),See DN-1984 (ID#:83453),11.76
84033,Dominican Republic,PMO - US,From RDC,N/A - From RDC,Air,30-Aug-10,28-Aug-10,ARV,Adult,SCMS from RDC,SKU0054,"Lamivudine/Nevirapine/Zidovudine 150/200/300mg, tablets, 60 Tabs",Generic,60,9000,100980,11.22,0.19,"Aurobindo Unit III, India",See DN-1985 (ID#:82911),See DN-1985 (ID#:82911),217.71
84034,Nigeria,PMO - US,From RDC,N/A - From RDC,Air Charter,12-Aug-10,17-Aug-10,ARV,Adult,SCMS from RDC,SKU0007,"Nevirapine 200mg, tablets, 60 Tabs",Generic,60,13104,35773.92,2.73,0.05,"Aurobindo Unit III, India",1448,6147.18,77.13
84035,Nigeria,PMO - US,From RDC,N/A - From RDC,Air Charter,12-Aug-10,17-Aug-10,ARV,Adult,SCMS from RDC,SKU0007,"Nevirapine 200mg, tablets, 60 Tabs",Generic,60,34801,95006.73,2.73,0.05,"Aurobindo Unit III, India",3951,6147.18,204.83
84038,Tanzania,PMO - US,From RDC,N/A - From RDC,Air,30-Sep-10,10-Sep-10,ARV,Adult,SCMS from RDC,SKU0026,"Efavirenz 600mg, tablets, 30 Tabs",Generic,30,15331,68222.95,4.45,0.15,"Strides, Bangalore, India.",4729,18390.42,147.09
84040,Côte d'Ivoire,PMO - US,From RDC,N/A - From RDC,Truck,19-Oct-10,25-Sep-10,ARV,Adult,SCMS from RDC,SKU0007,"Nevirapine 200mg, tablets, 60 Tabs",Generic,60,7925,21080.5,2.66,0.04,"Aurobindo Unit III, India",18041,8953.2,45.45
84041,Côte d'Ivoire,PMO - US,From RDC,N/A - From RDC,Truck,19-Oct-10,25-Sep-10,ARV,Adult,SCMS from RDC,SKU0007,"Nevirapine 200mg, tablets, 60 Tabs",Generic,60,12100,32186,2.66,0.04,Hetero Unit III Hyderabad IN,See DN-2012 (ID#:84040),See DN-2012 (ID#:84040),69.39
84042,Haiti,PMO - US,From RDC,N/A - From RDC,Air,30-Sep-10,7-Oct-10,ARV,Adult,SCMS from RDC,SKU0007,"Nevirapine 200mg, tablets, 60 Tabs",Generic,60,27900,74214,2.66,0.04,Hetero Unit III Hyderabad IN,See DN-2015 (ID#:82917),See DN-2015 (ID#:82917),160.01
84043,Guyana,PMO - US,From RDC,N/A - From RDC,Air,23-Nov-10,19-Sep-10,ARV,Adult,SCMS from RDC,SKU0014,"Zidovudine 300mg, tablets, 60 Tabs",Generic,60,1002,7224.42,7.21,0.12,"Aurobindo Unit III, India",See DN-2016 (ID#:82351),See DN-2016 (ID#:82351),15.58
84044,Guyana,PMO - US,From RDC,N/A - From RDC,Air,23-Nov-10,19-Sep-10,ARV,Pediatric,SCMS from RDC,SKU0066,"Efavirenz 200mg, capsule, 90 Caps",Generic,90,230,2233.3,9.71,0.11,"Aurobindo Unit III, India",See DN-2017 (ID#:82918),See DN-2017 (ID#:82918),4.81
84045,Zimbabwe,PMO - US,From RDC,N/A - From RDC,Truck,30-Sep-10,4-Oct-10,ARV,Adult,SCMS from RDC,SKU0044,"Lamivudine/Nevirapine/Stavudine 150/200/30mg, tablets, 60 Tabs",Generic,60,112100,642333,5.73,0.1,"Cipla, Goa, India",See DN-2019 (ID#:82919),See DN-2019 (ID#:82919),1384.87
84046,Guyana,PMO - US,From RDC,N/A - From RDC,Air,20-Oct-10,28-Sep-10,ARV,Adult,SCMS from RDC,SKU0135,"Lopinavir/Ritonavir 200/50mg, tablets, 120 Tabs",Generic,120,140,5425,38.75,0.32,"Aurobindo Unit III, India",34,2027.42,11.7
84047,Uganda,PMO - US,From RDC,N/A - From RDC,Air,20-Oct-10,25-Oct-10,ARV,Adult,SCMS from RDC,SKU0026,"Efavirenz 600mg, tablets, 30 Tabs",Generic,30,27304,118499.36,4.34,0.14,Mylan (formerly Matrix) Nashik,13087,56372.66,255.48
84048,Uganda,PMO - US,From RDC,N/A - From RDC,Air,20-Oct-10,25-Oct-10,ARV,Adult,SCMS from RDC,SKU0054,"Lamivudine/Nevirapine/Zidovudine 150/200/300mg, tablets, 60 Tabs",Generic,60,31084,348762.48,11.22,0.19,Mylan (formerly Matrix) Nashik,See DN-2026 (ID#:84047),See DN-2026 (ID#:84047),751.93
84049,Nigeria,PMO - US,From RDC,N/A - From RDC,Air,22-Oct-10,10-Nov-10,ARV,Adult,SCMS from RDC,SKU0044,"Lamivudine/Nevirapine/Stavudine 150/200/30mg, tablets, 60 Tabs",Generic,60,2000,11460,5.73,0.1,"Cipla, Goa, India",See DN-2025 (ID#:83460),See DN-2025 (ID#:83460),24.71
84050,Nigeria,PMO - US,From RDC,N/A - From RDC,Air,22-Oct-10,10-Nov-10,ARV,Adult,SCMS from RDC,SKU0011,"Lamivudine/Zidovudine 150/300mg, tablets, 60 Tabs",Generic,60,72023,615796.65,8.55,0.14,"Aurobindo Unit III, India",See DN-2025 (ID#:83460),See DN-2025 (ID#:83460),1327.66
84051,Ethiopia,PMO - US,From RDC,N/A - From RDC,Air,19-Nov-10,17-Nov-10,ARV,Adult,SCMS from RDC,SKU0014,"Zidovudine 300mg, tablets, 60 Tabs",Generic,60,1660,11968.6,7.21,0.12,"Aurobindo Unit III, India",90,866.71,25.8
84052,Zambia,PMO - US,From RDC,N/A - From RDC,Truck,31-Dec-10,25-Nov-10,ARV,Adult,SCMS from RDC,SKU0044,"Lamivudine/Nevirapine/Stavudine 150/200/30mg, tablets, 60 Tabs",Generic,60,36562,198531.66,5.43,0.09,"Cipla, Goa, India",See DN-2054 (ID#:83465),See DN-2054 (ID#:83465),428.03
84053,Haiti,PMO - US,From RDC,N/A - From RDC,Air,26-Nov-10,15-Dec-10,ARV,Adult,SCMS from RDC,SKU0011,"Lamivudine/Zidovudine 150/300mg, tablets, 60 Tabs",Generic,60,36139,308988.45,8.55,0.14,"Aurobindo Unit III, India",7100,68243,666.18
84054,Côte d'Ivoire,PMO - US,From RDC,N/A - From RDC,Air,30-Nov-10,22-Dec-10,ARV,Adult,SCMS from RDC,SKU0007,"Nevirapine 200mg, tablets, 60 Tabs",Generic,60,19767,52580.22,2.66,0.04,Hetero Unit III Hyderabad IN,See DN-2060 (ID#:82927),See DN-2060 (ID#:82927),113.36
84055,Nigeria,PMO - US,From RDC,N/A - From RDC,Air Charter,30-Mar-11,9-Jan-11,ARV,Adult,SCMS from RDC,SKU0107,"Lamivudine/Tenofovir Disoproxil Fumarate 300/300mg, tablets, 30 Tabs",Generic,30,50000,441000,8.82,0.29,Mylan (formerly Matrix) Nashik,4502,27457,950.8
84178,Uganda,PMO - US,From RDC,N/A - From RDC,Truck,5-Sep-12,29-Jun-12,ARV,Adult,SCMS from RDC,SKU0007,"Nevirapine 200mg, tablets, 60 Tabs",Generic,60,3262,8187.62,2.51,0.04,"Strides, Bangalore, India.",190,1095.22,11.48
84056,Uganda,PMO - US,From RDC,N/A - From RDC,Truck,7-Feb-11,14-Jan-11,ARV,Adult,SCMS from RDC,SKU0054,"Lamivudine/Nevirapine/Zidovudine 150/200/300mg, tablets, 60 Tabs",Generic,60,69202,776446.44,11.22,0.19,"Aurobindo Unit III, India",9299,54009.25,1674.02
84057,Mozambique,PMO - US,From RDC,N/A - From RDC,Truck,10-Mar-11,2-Mar-11,ARV,Adult,SCMS from RDC,SKU0104,"Lamivudine/Stavudine 150/30mg, tablets, 60 Tabs",Generic,60,23448,76909.44,3.28,0.05,"Cipla, Goa, India",1804,4815.8,165.82
84058,Nigeria,PMO - US,From RDC,N/A - From RDC,Air Charter,21-Feb-11,16-Feb-11,ARV,Adult,SCMS from RDC,SKU0003,"Lamivudine 150mg, tablets, 60 Tabs",Generic,60,6700,15611,2.33,0.04,"Aurobindo Unit III, India",426,43548,33.66
84059,Côte d'Ivoire,PMO - US,From RDC,N/A - From RDC,Air,31-Jan-11,22-Feb-11,ARV,Pediatric,SCMS from RDC,SKU0130,"Lamivudine 10mg/ml, oral solution w/syringe, Bottle, 240 ml",Generic,240,3660,6771,1.85,0.01,"Aurobindo Unit III, India",See DN-2106 (ID#:82933),See DN-2106 (ID#:82933),14.6
84060,Ethiopia,PMO - US,From RDC,N/A - From RDC,Air,9-Feb-11,7-Feb-11,ARV,Adult,SCMS from RDC,SKU0029,"Tenofovir Disoproxil Fumarate 300mg, tablets, 30 Tabs",Generic,30,6020,39551.4,6.57,0.22,"Aurobindo Unit III, India",542,3935.92,65.26
84061,Zambia,PMO - US,From RDC,N/A - From RDC,Truck,31-Mar-11,7-Mar-11,ARV,Adult,SCMS from RDC,SKU0105,"Emtricitabine/Tenofovir Disoproxil Fumarate 200/300mg, tablets, 30 Tabs",Generic,30,200000,2184000,10.92,0.36,Mylan (formerly Matrix) Nashik,43128,34543.36,4708.7
84062,Zambia,PMO - US,From RDC,N/A - From RDC,Truck,10-Mar-11,25-Feb-11,ARV,Adult,SCMS from RDC,SKU0105,"Emtricitabine/Tenofovir Disoproxil Fumarate 200/300mg, tablets, 30 Tabs",Generic,30,129998,1419578.16,10.92,0.36,Mylan (formerly Matrix) Nashik,11115,16482.05,3060.61
84063,Côte d'Ivoire,PMO - US,From RDC,N/A - From RDC,Air,31-Mar-11,15-Mar-11,ARV,Adult,SCMS from RDC,SKU0026,"Efavirenz 600mg, tablets, 30 Tabs",Generic,30,57456,255679.2,4.45,0.15,Mylan (formerly Matrix) Nashik,4720,18611.92,551.24
84064,Zambia,PMO - US,From RDC,N/A - From RDC,Truck,31-Mar-11,5-Apr-11,ARV,Adult,SCMS from RDC,SKU0044,"Lamivudine/Nevirapine/Stavudine 150/200/30mg, tablets, 60 Tabs",Generic,60,3355,19224.15,5.73,0.1,"Strides, Bangalore, India.",See DN-2125 (ID#:82941),See DN-2125 (ID#:82941),41.45
84065,Guyana,PMO - US,From RDC,N/A - From RDC,Air,31-Mar-11,25-Mar-11,ARV,Adult,SCMS from RDC,SKU0014,"Zidovudine 300mg, tablets, 60 Tabs",Generic,60,1827,13172.67,7.21,0.12,"Aurobindo Unit III, India",See DN-2129 (ID#:83488),See DN-2129 (ID#:83488),21.73
84066,Côte d'Ivoire,PMO - US,From RDC,N/A - From RDC,Air,31-Mar-11,29-Mar-11,ARV,Adult,SCMS from RDC,SKU0011,"Lamivudine/Zidovudine 150/300mg, tablets, 60 Tabs",Generic,60,40752,348429.6,8.55,0.14,Hetero Unit III Hyderabad IN,See DN-2137 (ID#:83490),See DN-2137 (ID#:83490),751.21
84067,Côte d'Ivoire,PMO - US,From RDC,N/A - From RDC,Air,15-Mar-11,29-Mar-11,ARV,Pediatric,SCMS from RDC,SKU0092,"Didanosine 200mg, chewable/dispersible tablets, 60 Tabs",Generic,60,648,10044,15.5,0.26,"Aurobindo Unit III, India",138,17941.47,21.65
84068,Tanzania,PMO - US,From RDC,N/A - From RDC,Air,7-Apr-11,31-Mar-11,ARV,Adult,SCMS from RDC,SKU0026,"Efavirenz 600mg, tablets, 30 Tabs",Generic,30,3493,14740.46,4.22,0.14,"Emcure Plot No.P-2, I.T-B.T. Park, Phase II, MIDC, Hinjwadi, Pune, India",2996,9639.1,24.32
84069,Côte d'Ivoire,PMO - US,From RDC,N/A - From RDC,Air,20-Apr-11,10-Jun-11,ARV,Adult,SCMS from RDC,SKU0162,"Abacavir/Lamivudine 600/300mg, scored tablets, 30 Tabs",Generic,30,1309,29452.5,22.5,0.75,Mylan (formerly Matrix) Nashik,See DN-2153 (ID#:82374),See DN-2153 (ID#:82374),48.6
84092,Rwanda,PMO - US,From RDC,N/A - From RDC,Air Charter,14-Aug-11,25-May-11,ARV,Pediatric,SCMS from RDC,SKU0130,"Lamivudine 10mg/ml, oral solution w/syringe, Bottle, 240 ml",Generic,240,1800,3330,1.85,0.01,"Aurobindo Unit III, India",718,4370.8,5.49
84070,Côte d'Ivoire,PMO - US,From RDC,N/A - From RDC,Air,20-Apr-11,10-Jun-11,ARV,Adult,SCMS from RDC,SKU0011,"Lamivudine/Zidovudine 150/300mg, tablets, 60 Tabs",Generic,60,20376,174214.8,8.55,0.14,Hetero Unit III Hyderabad IN,See DN-2153 (ID#:82374),See DN-2153 (ID#:82374),287.45
84074,Mozambique,PMO - US,From RDC,N/A - From RDC,Truck,31-May-11,6-Apr-11,ARV,Adult,SCMS from RDC,SKU0003,"Lamivudine 150mg, tablets, 60 Tabs",Generic,60,4050,9436.5,2.33,0.04,"Aurobindo Unit III, India",195,3495.81,15.57
84075,Côte d'Ivoire,PMO - US,From RDC,N/A - From RDC,Air,24-Mar-11,7-Jun-11,ARV,Adult,SCMS from RDC,SKU0132,"Efavirenz/Emtricitabine/Tenofovir Disoproxil Fumarate 600/200/300mg, tablets, 30 Tabs",Generic,30,11280,224697.6,19.92,0.66,Mylan (formerly Matrix) Nashik,1264,3380.35,370.75
84076,Nigeria,PMO - US,From RDC,N/A - From RDC,Air Charter,15-Jun-11,11-May-11,ARV,Adult,SCMS from RDC,SKU0044,"Lamivudine/Nevirapine/Stavudine 150/200/30mg, tablets, 60 Tabs",Generic,60,2000,11120,5.56,0.09,"Cipla, Goa, India",209,12601.07,18.35
84077,Nigeria,PMO - US,From RDC,N/A - From RDC,Air Charter,31-Mar-11,11-May-11,ARV,Adult,SCMS from RDC,SKU0105,"Emtricitabine/Tenofovir Disoproxil Fumarate 200/300mg, tablets, 30 Tabs",Generic,30,60756,640368.24,10.54,0.35,Mylan (formerly Matrix) Nashik,5481,12601.07,1056.61
84078,Nigeria,PMO - US,From RDC,N/A - From RDC,Air Charter,21-Jun-11,11-May-11,ARV,Adult,SCMS from RDC,SKU0026,"Efavirenz 600mg, tablets, 30 Tabs",Generic,30,87744,370279.68,4.22,0.14,Mylan (formerly Matrix) Nashik,7194,12601.07,610.96
84079,Haiti,PMO - US,From RDC,N/A - From RDC,Air,24-Mar-11,28-Apr-11,ARV,Adult,SCMS from RDC,SKU0003,"Lamivudine 150mg, tablets, 60 Tabs",Generic,60,2111,4918.63,2.33,0.04,"Aurobindo Unit III, India",101,1697.33,10.6
84080,Zimbabwe,PMO - US,From RDC,N/A - From RDC,Truck,4-Apr-11,20-May-11,ARV,Pediatric,SCMS from RDC,SKU0147,"Didanosine 125mg, delayed-release capsules, 30 Caps",Generic,30,105,892.5,8.5,0.28,"Aurobindo Unit III, India",10,3403.99,1.92
84081,Zimbabwe,PMO - US,From RDC,N/A - From RDC,Truck,4-Apr-11,20-May-11,ARV,Pediatric,SCMS from RDC,SKU0148,"Didanosine 200mg, delayed-release capsules, 30 Caps",Generic,30,45,495,11,0.37,"Aurobindo Unit III, India",See DN-2178 (ID#:84080),See DN-2178 (ID#:84080),1.07
84082,Zambia,PMO - US,From RDC,N/A - From RDC,Truck,14-Apr-11,20-May-11,ARV,Adult,SCMS from RDC,SKU0003,"Lamivudine 150mg, tablets, 60 Tabs",Generic,60,54869,127844.77,2.33,0.04,"Aurobindo Unit III, India",2630,3402.23,210.94
84083,Zambia,PMO - US,From RDC,N/A - From RDC,Truck,30-Apr-11,20-May-11,ARV,Adult,SCMS from RDC,SKU0011,"Lamivudine/Zidovudine 150/300mg, tablets, 60 Tabs",Generic,60,120000,1026000,8.55,0.14,"Aurobindo Unit III, India",11057,12049.4,2212.06
84084,Zambia,PMO - US,From RDC,N/A - From RDC,Truck,11-Apr-11,20-May-11,ARV,Adult,SCMS from RDC,SKU0007,"Nevirapine 200mg, tablets, 60 Tabs",Generic,60,7946,19944.46,2.51,0.04,Hetero Unit III Hyderabad IN,1168,3402.23,43
84085,Mozambique,PMO - US,From RDC,N/A - From RDC,Truck,31-May-11,23-Jun-11,ARV,Adult,SCMS from RDC,SKU0004,"Stavudine 30mg, capsules, 60 Caps",Generic,60,630,882,1.4,0.02,"Aurobindo Unit III, India",485,947.52,1.46
84086,Zambia,PMO - US,From RDC,N/A - From RDC,Truck,14-Apr-11,10-Jun-11,ARV,Adult,SCMS from RDC,SKU0014,"Zidovudine 300mg, tablets, 60 Tabs",Generic,60,10394,72965.88,7.02,0.12,Hetero Unit III Hyderabad IN,14935,15919.88,157.31
84087,Ethiopia,PMO - US,From RDC,N/A - From RDC,Air,31-May-11,30-May-11,ARV,Adult,SCMS from RDC,SKU0029,"Tenofovir Disoproxil Fumarate 300mg, tablets, 30 Tabs",Generic,30,10000,65700,6.57,0.22,Mylan (formerly Matrix) Nashik,716,2976.29,108.4
84088,Zimbabwe,PMO - US,From RDC,N/A - From RDC,Truck,31-May-11,15-Jun-11,ARV,Adult,SCMS from RDC,SKU0104,"Lamivudine/Stavudine 150/30mg, tablets, 60 Tabs",Generic,60,4669,14940.8,3.2,0.05,"Cipla, Goa, India",See DN-2205 (ID#:82950),See DN-2205 (ID#:82950),32.21
84089,Nigeria,PMO - US,From RDC,N/A - From RDC,Air Charter,21-Jun-11,6-Jul-11,ARV,Adult,SCMS from RDC,SKU0007,"Nevirapine 200mg, tablets, 60 Tabs",Generic,60,42371,109317.18,2.58,0.04,"Aurobindo Unit III, India",5262,13398,180.37
84090,Nigeria,PMO - US,From RDC,N/A - From RDC,Air Charter,15-Jun-11,6-Jul-11,ARV,Adult,SCMS from RDC,SKU0003,"Lamivudine 150mg, tablets, 60 Tabs",Generic,60,3173,7393.09,2.33,0.04,"Aurobindo Unit III, India",170,13398.06,12.2
84091,Nigeria,PMO - US,From RDC,N/A - From RDC,Air Charter,15-Jun-11,5-Jul-11,ARV,Adult,SCMS from RDC,SKU0007,"Nevirapine 200mg, tablets, 60 Tabs",Generic,60,15508,38925.08,2.51,0.04,"Strides, Bangalore, India.",1107,13398.06,64.23
84093,Guyana,PMO - US,From RDC,N/A - From RDC,Air,13-Oct-11,24-Jun-11,ARV,Adult,SCMS from RDC,SKU0003,"Lamivudine 150mg, tablets, 60 Tabs",Generic,60,514,1197.62,2.33,0.04,"Aurobindo Unit III, India",25,1052.04,1.98
84094,Zambia,PMO - US,From RDC,N/A - From RDC,Truck,30-Apr-11,20-Jun-11,ARV,Adult,SCMS from RDC,SKU0007,"Nevirapine 200mg, tablets, 60 Tabs",Generic,60,112000,281120,2.51,0.04,Hetero Unit III Hyderabad IN,6449,7962.26,606.09
84095,Benin,PMO - US,From RDC,N/A - From RDC,Air,13-Jun-11,5-Jul-11,ARV,Adult,SCMS from RDC,SKU0044,"Lamivudine/Nevirapine/Stavudine 150/200/30mg, tablets, 60 Tabs",Generic,60,14770,79462.6,5.38,0.09,"Cipla, Goa, India",2192,10829.6,131.11
84096,Benin,PMO - US,From RDC,N/A - From RDC,Air,13-Jun-11,5-Jul-11,ARV,Adult,SCMS from RDC,SKU0104,"Lamivudine/Stavudine 150/30mg, tablets, 60 Tabs",Generic,60,8800,28160,3.2,0.05,"Cipla, Goa, India",See DN-2252 (ID#:84095),See DN-2252 (ID#:84095),46.46
84097,Ghana,PMO - US,From RDC,N/A - From RDC,Air,4-Jul-11,20-Jul-11,ARV,Adult,SCMS from RDC,SKU0007,"Nevirapine 200mg, tablets, 60 Tabs",Generic,60,38040,95480.4,2.51,0.04,"Strides, Bangalore, India.",2269,226.25,157.54
84098,Haiti,PMO - US,From RDC,N/A - From RDC,Air,19-Jul-11,28-Jun-11,ARV,Adult,SCMS from RDC,SKU0041,"Stavudine 15mg, capsules, 60 Caps",Generic,60,168,221.76,1.32,0.02,"Aurobindo Unit III, India",See DN-2263 (ID#:82959),See DN-2263 (ID#:82959),0.37
84099,Mozambique,PMO - US,From RDC,N/A - From RDC,Truck,31-Aug-11,1-Sep-11,ARV,Adult,SCMS from RDC,SKU0054,"Lamivudine/Nevirapine/Zidovudine 150/200/300mg, tablets, 60 Tabs",Generic,60,135900,1524798,11.22,0.19,"Aurobindo Unit III, India",See DN-2268 (ID#:82960),See DN-2268 (ID#:82960),2515.92
84101,Zimbabwe,PMO - US,From RDC,N/A - From RDC,Truck,15-Aug-11,11-Aug-11,ARV,Adult,SCMS from RDC,SKU0044,"Lamivudine/Nevirapine/Stavudine 150/200/30mg, tablets, 60 Tabs",Generic,60,36997,199043.86,5.38,0.09,"Cipla, Goa, India",See DN-2282 (ID#:82389),See DN-2282 (ID#:82389),429.14
84102,Haiti,PMO - US,From RDC,N/A - From RDC,Air,19-Jul-11,21-Jul-11,ARV,Pediatric,SCMS from RDC,SKU0092,"Didanosine 200mg, chewable/dispersible tablets, 60 Tabs",Generic,60,180,2700,15,0.25,"Aurobindo Unit III, India",38,1128.54,4.46
84103,Côte d'Ivoire,PMO - US,From RDC,N/A - From RDC,Air,22-Jul-11,22-Jul-11,ARV,Adult,SCMS from RDC,SKU0162,"Abacavir/Lamivudine 600/300mg, scored tablets, 30 Tabs",Generic,30,1571,35347.5,22.5,0.75,Mylan (formerly Matrix) Nashik,151,3545.1,58.32
84104,Haiti,PMO - US,From RDC,N/A - From RDC,Air,19-Jul-11,11-Aug-11,ARV,Adult,SCMS from RDC,SKU0011,"Lamivudine/Zidovudine 150/300mg, tablets, 60 Tabs",Generic,60,30000,256500,8.55,0.14,"Aurobindo Unit III, India",See DN-2310 (ID#:82968),See DN-2310 (ID#:82968),423.22
84105,Zambia,PMO - US,From RDC,N/A - From RDC,Truck,29-Sep-11,29-Aug-11,ARV,Adult,SCMS from RDC,SKU0007,"Nevirapine 200mg, tablets, 60 Tabs",Generic,60,89037,223482.87,2.51,0.04,"Aurobindo Unit VII, IN",See DN-2322 (ID#:82973),See DN-2322 (ID#:82973),368.75
84106,Mozambique,PMO - US,From RDC,N/A - From RDC,Truck,13-Oct-11,13-Oct-11,ARV,Adult,SCMS from RDC,SKU0026,"Efavirenz 600mg, tablets, 30 Tabs",Generic,30,19242,81201.24,4.22,0.14,Hetero Unit III Hyderabad IN,See DN-2325 (ID#:82975),See DN-2325 (ID#:82975),133.98
84107,Haiti,PMO - US,From RDC,N/A - From RDC,Air,31-Aug-11,24-Aug-11,ARV,Adult,SCMS from RDC,SKU0026,"Efavirenz 600mg, tablets, 30 Tabs",Generic,30,27975,126447,4.52,0.15,"Strides, Bangalore, India.",1704,16881.16,208.64
84108,Mozambique,PMO - US,From RDC,N/A - From RDC,Truck,30-Nov-11,30-Nov-11,ARV,Pediatric,SCMS from RDC,SKU0117,"Zidovudine 10mg/ml, oral solution w/syringe, Bottle, 240 ml",Generic,240,9400,18988,2.02,0.01,"Aurobindo Unit III, India",3642,5678.14,31.33
84109,Guyana,PMO - US,From RDC,N/A - From RDC,Air,18-Oct-11,3-Oct-11,ARV,Pediatric,SCMS from RDC,SKU0117,"Zidovudine 10mg/ml, oral solution w/syringe, Bottle, 240 ml",Generic,240,385,777.7,2.02,0.01,"Aurobindo Unit III, India",See DN-2348 (ID#:82402),See DN-2348 (ID#:82402),1.28
84110,Zambia,PMO - US,From RDC,N/A - From RDC,Truck,14-Apr-11,5-Aug-11,ARV,Adult,SCMS from RDC,SKU0132,"Efavirenz/Emtricitabine/Tenofovir Disoproxil Fumarate 600/200/300mg, tablets, 30 Tabs",Generic,30,13154,262027.68,19.92,0.66,Mylan (formerly Matrix) Nashik,1456,3949.18,564.93
84111,Nigeria,PMO - US,From RDC,N/A - From RDC,Air Charter,3-Nov-11,28-Sep-11,ARV,Adult,SCMS from RDC,SKU0054,"Lamivudine/Nevirapine/Zidovudine 150/200/300mg, tablets, 60 Tabs",Generic,60,267671,3003268.62,11.22,0.19,"Aurobindo Unit III, India",37993,18495.9,4955.39
84112,Zambia,PMO - US,From RDC,N/A - From RDC,Truck,31-Oct-11,26-Sep-11,ARV,Adult,SCMS from RDC,SKU0026,"Efavirenz 600mg, tablets, 30 Tabs",Generic,30,135158,583882.56,4.32,0.14,"Aurobindo Unit III, India",17285,21454.88,963.41
84113,Swaziland,PMO - US,From RDC,N/A - From RDC,Air,30-Sep-11,6-Oct-11,ARV,Adult,SCMS from RDC,SKU0054,"Lamivudine/Nevirapine/Zidovudine 150/200/300mg, tablets, 60 Tabs",Generic,60,23861,267720.42,11.22,0.19,Mylan (formerly Matrix) Nashik,4502,12314.4,441.74
84115,Haiti,PMO - US,From RDC,N/A - From RDC,Air,31-Oct-11,24-Oct-11,ARV,Adult,SCMS from RDC,SKU0004,"Stavudine 30mg, capsules, 60 Caps",Generic,60,3850,5390,1.4,0.02,"Aurobindo Unit III, India",230,2936.8,8.89
84116,Swaziland,PMO - US,From RDC,N/A - From RDC,Air,17-Nov-11,18-Oct-11,ARV,Adult,SCMS from RDC,SKU0054,"Lamivudine/Nevirapine/Zidovudine 150/200/300mg, tablets, 60 Tabs",Generic,60,45000,504900,11.22,0.19,"Aurobindo Unit III, India",5961,20144.99,833.08
84117,Zambia,PMO - US,From RDC,N/A - From RDC,Truck,10-Dec-11,9-Dec-11,ARV,Adult,SCMS from RDC,SKU0007,"Nevirapine 200mg, tablets, 60 Tabs",Generic,60,19200,48192,2.51,0.04,Mylan (formerly Matrix) Nashik,1936,9421.76,79.52
84118,Côte d'Ivoire,PMO - US,From RDC,N/A - From RDC,Truck,11-Nov-11,31-Oct-11,ARV,Adult,SCMS from RDC,SKU0041,"Stavudine 15mg, capsules, 60 Caps",Generic,60,1512,1995.84,1.32,0.02,"Aurobindo Unit III, India",360,3274.41,3.29
84119,Zambia,PMO - US,From RDC,N/A - From RDC,Truck,10-Dec-11,9-Dec-11,ARV,Adult,SCMS from RDC,SKU0007,"Nevirapine 200mg, tablets, 60 Tabs",Generic,60,108,271.08,2.51,0.04,Hetero Unit III Hyderabad IN,See DN-2396 (ID#:84117),See DN-2396 (ID#:84117),0.45
84120,Côte d'Ivoire,PMO - US,From RDC,N/A - From RDC,Truck,23-Dec-11,19-Nov-11,ARV,Adult,SCMS from RDC,SKU0029,"Tenofovir Disoproxil Fumarate 300mg, tablets, 30 Tabs",Generic,30,3520,22598.4,6.42,0.21,Mylan (formerly Matrix) Nashik,197,3296.34,37.29
84121,Uganda,PMO - US,From RDC,N/A - From RDC,Truck,9-Jan-12,1-Dec-11,ARV,Adult,SCMS from RDC,SKU0026,"Efavirenz 600mg, tablets, 30 Tabs",Generic,30,10000,41200,4.12,0.14,"Strides, Bangalore, India.",1051,39130.38,67.98
84122,Tanzania,PMO - US,From RDC,N/A - From RDC,Truck,10-Jan-12,22-Dec-11,ARV,Adult,SCMS from RDC,SKU0105,"Emtricitabine/Tenofovir Disoproxil Fumarate 200/300mg, tablets, 30 Tabs",Generic,30,23940,214741.8,8.97,0.3,"Aurobindo Unit III, India",Weight Captured Separately,Invoiced Separately,354.32
84123,Tanzania,PMO - US,From RDC,N/A - From RDC,Truck,7-Feb-12,19-Dec-11,ARV,Adult,SCMS from RDC,SKU0014,"Zidovudine 300mg, tablets, 60 Tabs",Generic,60,6400,44928,7.02,0.12,Mylan (formerly Matrix) Nashik,355,2682.2,74.13
84124,Tanzania,PMO - US,From RDC,N/A - From RDC,Air,30-Jan-12,22-Dec-11,ARV,Adult,SCMS from RDC,SKU0132,"Efavirenz/Emtricitabine/Tenofovir Disoproxil Fumarate 600/200/300mg, tablets, 30 Tabs",Generic,30,80000,1593600,19.92,0.66,Mylan (formerly Matrix) Nashik,Weight Captured Separately,Freight Included in Commodity Cost,2629.44
84125,Tanzania,PMO - US,From RDC,N/A - From RDC,Truck,10-Jan-12,22-Dec-11,ARV,Adult,SCMS from RDC,SKU0113,"Efavirenz/Lamivudine/Tenofovir Disoproxil Fumarate 600/300/300mg, tablets, 30 Tabs",Generic,30,20000,341600,17.08,0.57,Mylan (formerly Matrix) Nashik,2302,Freight Included in Commodity Cost,563.64
84126,Swaziland,PMO - US,From RDC,N/A - From RDC,Air,12-Dec-11,12-Dec-11,ARV,Adult,SCMS from RDC,SKU0007,"Nevirapine 200mg, tablets, 60 Tabs",Generic,60,13023,33599.34,2.58,0.04,"Strides, Bangalore, India.",750,3787.65,55.44
84127,Mozambique,PMO - US,From RDC,N/A - From RDC,Truck,31-Jan-12,25-Jan-12,ARV,Pediatric,SCMS from RDC,SKU0126,"Nevirapine 10mg/ml, oral suspension w/syringe, Bottle, 240 ml",Generic,240,8000,15600,1.95,0.01,"Aurobindo Unit III, India",2987,2779.53,25.74
84128,Nigeria,PMO - US,From RDC,N/A - From RDC,Air Charter,16-Mar-12,18-Dec-11,ARV,Adult,SCMS from RDC,SKU0107,"Lamivudine/Tenofovir Disoproxil Fumarate 300/300mg, tablets, 30 Tabs",Generic,30,53279,438486.17,8.23,0.27,Mylan (formerly Matrix) Nashik,5494,15322.73,723.5
84129,Zambia,PMO - US,From RDC,N/A - From RDC,Truck,29-Feb-12,20-Jan-12,ARV,Adult,SCMS from RDC,SKU0007,"Nevirapine 200mg, tablets, 60 Tabs",Generic,60,200000,502000,2.51,0.04,"Aurobindo Unit VII, IN",19257,6476.69,828.3
84130,"Congo, DRC",PMO - US,From RDC,N/A - From RDC,Air,16-Mar-12,14-Feb-12,ARV,Adult,SCMS from RDC,SKU0007,"Nevirapine 200mg, tablets, 60 Tabs",Generic,60,26,67.08,2.58,0.04,"Strides, Bangalore, India.",See DN-2492 (ID#:82999),See DN-2492 (ID#:82999),0.09
84131,"Congo, DRC",PMO - US,From RDC,N/A - From RDC,Air,16-Mar-12,14-Feb-12,ARV,Adult,SCMS from RDC,SKU0007,"Nevirapine 200mg, tablets, 60 Tabs",Generic,60,70,180.6,2.58,0.04,"Strides, Bangalore, India.",See DN-2493 (ID#:82432),See DN-2493 (ID#:82432),0.25
84132,"Congo, DRC",PMO - US,From RDC,N/A - From RDC,Air,16-Mar-12,14-Feb-12,ARV,Adult,SCMS from RDC,SKU0058,"Abacavir 300mg, tablets, 60 Tabs",Generic,60,20,292.6,14.63,0.24,Mylan (formerly Matrix) Nashik,See DN-2494 (ID#:82433),See DN-2494 (ID#:82433),0.41
84133,"Congo, DRC",PMO - US,From RDC,N/A - From RDC,Air,16-Mar-12,14-Feb-12,ARV,Adult,SCMS from RDC,SKU0011,"Lamivudine/Zidovudine 150/300mg, tablets, 60 Tabs",Generic,60,75,619.5,8.26,0.14,"Aurobindo Unit III, India",See DN-2495 (ID#:83555),See DN-2495 (ID#:83555),0.87
84134,"Congo, DRC",PMO - US,From RDC,N/A - From RDC,Air,16-Mar-12,14-Feb-12,ARV,Adult,SCMS from RDC,SKU0054,"Lamivudine/Nevirapine/Zidovudine 150/200/300mg, tablets, 60 Tabs",Generic,60,30,330,11,0.18,Mylan (formerly Matrix) Nashik,See DN-2498 (ID#:83002),See DN-2498 (ID#:83002),0.46
84135,"Congo, DRC",PMO - US,From RDC,N/A - From RDC,Air,16-Mar-12,14-Feb-12,ARV,Adult,SCMS from RDC,SKU0007,"Nevirapine 200mg, tablets, 60 Tabs",Generic,60,22,56.76,2.58,0.04,"Strides, Bangalore, India.",See DN-2498 (ID#:83002),See DN-2498 (ID#:83002),0.08
84136,"Congo, DRC",PMO - US,From RDC,N/A - From RDC,Air,16-Mar-12,14-Feb-12,ARV,Adult,SCMS from RDC,SKU0011,"Lamivudine/Zidovudine 150/300mg, tablets, 60 Tabs",Generic,60,450,3717,8.26,0.14,"Aurobindo Unit III, India",See DN-2499 (ID#:83004),See DN-2499 (ID#:83004),5.21
84137,"Congo, DRC",PMO - US,From RDC,N/A - From RDC,Air,16-Mar-12,14-Feb-12,ARV,Adult,SCMS from RDC,SKU0135,"Lopinavir/Ritonavir 200/50mg, tablets, 120 Tabs",Generic,120,50,1687,33.74,0.28,"Aurobindo Unit III, India",See DN-2499 (ID#:83004),See DN-2499 (ID#:83004),2.37
84138,"Congo, DRC",PMO - US,From RDC,N/A - From RDC,Air,10-Feb-12,14-Feb-12,ARV,Adult,SCMS from RDC,SKU0011,"Lamivudine/Zidovudine 150/300mg, tablets, 60 Tabs",Generic,60,274,2263.24,8.26,0.14,"Aurobindo Unit III, India",See DN-2500 (ID#:82436),See DN-2500 (ID#:82436),3.17
84139,"Congo, DRC",PMO - US,From RDC,N/A - From RDC,Air,16-Mar-12,23-Mar-12,ARV,Pediatric,SCMS from RDC,SKU0126,"Nevirapine 10mg/ml, oral suspension w/syringe, Bottle, 240 ml",Generic,240,163,317.85,1.95,0.01,"Aurobindo Unit III, India",See DN-2510 (ID#:82442),See DN-2510 (ID#:82442),0.45
84140,Mozambique,PMO - US,From RDC,N/A - From RDC,Truck,30-Mar-12,8-Mar-12,ARV,Adult,SCMS from RDC,SKU0054,"Lamivudine/Nevirapine/Zidovudine 150/200/300mg, tablets, 60 Tabs",Generic,60,100000,1122000,11.22,0.19,"Aurobindo Unit VII, IN",See DN-2518 (ID#:83009),See DN-2518 (ID#:83009),1851.3
84141,Zimbabwe,PMO - US,From RDC,N/A - From RDC,Truck,29-Feb-12,16-Feb-12,ARV,Adult,SCMS from RDC,SKU0007,"Nevirapine 200mg, tablets, 60 Tabs",Generic,60,9073,22773.23,2.51,0.04,"Aurobindo Unit VII, IN",2721,4777.08,37.58
84142,"Congo, DRC",PMO - US,From RDC,N/A - From RDC,Air,22-Mar-12,22-Mar-12,ARV,Adult,SCMS from RDC,SKU0003,"Lamivudine 150mg, tablets, 60 Tabs",Generic,60,23,53.59,2.33,0.04,Hetero Unit III Hyderabad IN,1,522.42,0.08
84143,Zambia,PMO - US,From RDC,N/A - From RDC,Truck,27-Apr-12,17-Feb-12,ARV,Adult,SCMS from RDC,SKU0026,"Efavirenz 600mg, tablets, 30 Tabs",Generic,30,56386,232310.32,4.12,0.14,"Strides, Bangalore, India.",See DN-2532 (ID#:82448),See DN-2532 (ID#:82448),325.7
84144,Haiti,PMO - US,From RDC,N/A - From RDC,Air,2-Mar-12,12-Mar-12,ARV,Pediatric,SCMS from RDC,SKU0130,"Lamivudine 10mg/ml, oral solution w/syringe, Bottle, 240 ml",Generic,240,2808,5194.8,1.85,0.01,"Aurobindo Unit III, India",See DN-2535 (ID#:83011),See DN-2535 (ID#:83011),7.28
84145,Tanzania,PMO - US,From RDC,N/A - From RDC,Truck,30-Mar-12,12-Mar-12,ARV,Adult,SCMS from RDC,SKU0029,"Tenofovir Disoproxil Fumarate 300mg, tablets, 30 Tabs",Generic,30,17440,95920,5.5,0.18,Mylan (formerly Matrix) Nashik,2612,1698.83,158.27
84146,Tanzania,PMO - US,From RDC,N/A - From RDC,Truck,30-Mar-12,12-Mar-12,ARV,Adult,SCMS from RDC,SKU0058,"Abacavir 300mg, tablets, 60 Tabs",Generic,60,15003,219493.89,14.63,0.24,Mylan (formerly Matrix) Nashik,See DN-2544 (ID#:84145),See DN-2544 (ID#:84145),362.16
84147,Uganda,PMO - US,From RDC,N/A - From RDC,Truck,9-Mar-12,15-Feb-12,ARV,Adult,SCMS from RDC,SKU0007,"Nevirapine 200mg, tablets, 60 Tabs",Generic,60,534,1377.72,2.58,0.04,"Strides, Bangalore, India.",30,2030,2.27
84148,Nigeria,PMO - US,From RDC,N/A - From RDC,Air Charter,16-Mar-12,16-Feb-12,ARV,Adult,SCMS from RDC,SKU0107,"Lamivudine/Tenofovir Disoproxil Fumarate 300/300mg, tablets, 30 Tabs",Generic,30,22426,136350.08,6.08,0.2,Mylan (formerly Matrix) Nashik,1942,25231.96,224.98
84149,Tanzania,PMO - US,From RDC,N/A - From RDC,Truck,11-Apr-12,11-Apr-12,ARV,Pediatric,SCMS from RDC,SKU0126,"Nevirapine 10mg/ml, oral suspension w/syringe, Bottle, 240 ml",Generic,240,19026,37100.7,1.95,0.01,"Aurobindo Unit III, India",7096,3279.29,61.22
84150,Tanzania,PMO - US,From RDC,N/A - From RDC,Truck,30-Mar-12,12-Mar-12,ARV,Pediatric,SCMS from RDC,SKU0140,"Lamivudine/Nevirapine/Zidovudine 30/50/60mg, dispersible tablets, 60 Tabs",Generic,60,163735,695873.75,4.25,0.07,Mylan (formerly Matrix) Nashik,9208,3825.8,1148.19
84151,South Sudan,PMO - US,From RDC,N/A - From RDC,Air,21-Mar-12,8-Mar-12,ARV,Adult,SCMS from RDC,SKU0007,"Nevirapine 200mg, tablets, 60 Tabs",Generic,60,200,516,2.58,0.04,"Strides, Bangalore, India.",See DN-2581 (ID#:82457),See DN-2581 (ID#:82457),0.72
84152,South Sudan,PMO - US,From RDC,N/A - From RDC,Air,21-Mar-12,8-Mar-12,ARV,Adult,SCMS from RDC,SKU0003,"Lamivudine 150mg, tablets, 60 Tabs",Generic,60,200,466,2.33,0.04,Macleods Daman Plant INDIA,See DN-2581 (ID#:82457),See DN-2581 (ID#:82457),0.65
84153,Mozambique,PMO - US,From RDC,N/A - From RDC,Truck,7-May-12,24-May-12,ARV,Adult,SCMS from RDC,SKU0054,"Lamivudine/Nevirapine/Zidovudine 150/200/300mg, tablets, 60 Tabs",Generic,60,14125,158482.5,11.22,0.19,Mylan (formerly Matrix) Nashik,See DN-2590 (ID#:83019),See DN-2590 (ID#:83019),261.5
84154,Burundi,PMO - US,From RDC,N/A - From RDC,Air,26-Apr-12,4-May-12,ARV,Adult,SCMS from RDC,SKU0007,"Nevirapine 200mg, tablets, 60 Tabs",Generic,60,1800,4518,2.51,0.04,"Strides, Bangalore, India.",See DN-2594 (ID#:83021),See DN-2594 (ID#:83021),6.33
84155,Burundi,PMO - US,From RDC,N/A - From RDC,Air,26-Apr-12,9-Apr-12,ARV,Adult,SCMS from RDC,SKU0105,"Emtricitabine/Tenofovir Disoproxil Fumarate 200/300mg, tablets, 30 Tabs",Generic,30,5150,45062.5,8.75,0.29,Mylan (formerly Matrix) Nashik,See DN-2595 (ID#:83577),See DN-2595 (ID#:83577),63.18
84156,Côte d'Ivoire,PMO - US,From RDC,N/A - From RDC,Truck,19-Apr-12,19-Apr-12,ARV,Adult,SCMS from RDC,SKU0054,"Lamivudine/Nevirapine/Zidovudine 150/200/300mg, tablets, 60 Tabs",Generic,60,75000,841500,11.22,0.19,Mylan (formerly Matrix) Nashik,10746,22878.26,1388.48
84157,Côte d'Ivoire,PMO - US,From RDC,N/A - From RDC,Truck,27-Apr-12,19-Apr-12,ARV,Adult,SCMS from RDC,SKU0011,"Lamivudine/Zidovudine 150/300mg, tablets, 60 Tabs",Generic,60,7273,60074.98,8.26,0.14,"Cipla, Goa, India",650,4029.71,99.12
84158,Zimbabwe,PMO - US,From RDC,N/A - From RDC,Truck,17-Apr-12,7-May-12,ARV,Adult,SCMS from RDC,SKU0104,"Lamivudine/Stavudine 150/30mg, tablets, 60 Tabs",Generic,60,7150,21092.5,2.95,0.05,"Strides, Bangalore, India.",See DN-2621 (ID#:83583),See DN-2621 (ID#:83583),34.8
84159,Rwanda,PMO - US,From RDC,N/A - From RDC,Air,9-Apr-12,29-Mar-12,ARV,Pediatric,SCMS from RDC,SKU0145,"Abacavir 20mg/ml, oral solution w/syringe, Bottle, 240 ml",Generic,240,1489,18612.5,12.5,0.05,"Aurobindo Unit III, India",557,5044.26,26.09
84160,Zimbabwe,PMO - US,From RDC,N/A - From RDC,Truck,17-Apr-12,7-May-12,ARV,Adult,SCMS from RDC,SKU0054,"Lamivudine/Nevirapine/Zidovudine 150/200/300mg, tablets, 60 Tabs",Generic,60,11574,127314,11,0.18,Mylan (formerly Matrix) Nashik,See DN-2621 (ID#:83583),See DN-2621 (ID#:83583),210.07
84161,Rwanda,PMO - US,From RDC,N/A - From RDC,Air,29-Jun-12,26-Apr-12,ARV,Pediatric,SCMS from RDC,SKU0066,"Efavirenz 200mg, capsule, 90 Caps",Generic,90,993,8579.52,8.64,0.1,"Aurobindo Unit III, India",126,1675,12.03
84162,Tanzania,PMO - US,From RDC,N/A - From RDC,Truck,1-Jun-12,1-Jun-12,ARV,Pediatric,SCMS from RDC,SKU0108,"Lamivudine/Nevirapine/Stavudine 60/100/12mg, dispersible tablets, 60 Tabs",Generic,60,26300,119402,4.54,0.08,"Cipla, Goa, India",2278,7865.4,197.01
84163,Tanzania,PMO - US,From RDC,N/A - From RDC,Truck,31-May-12,30-Apr-12,ARV,Pediatric,SCMS from RDC,SKU0126,"Nevirapine 10mg/ml, oral suspension w/syringe, Bottle, 240 ml",Generic,240,24307,47398.65,1.95,0.01,"Aurobindo Unit III, India",Weight Captured Separately,Invoiced Separately,78.21
84164,Mozambique,PMO - US,From RDC,N/A - From RDC,Truck,28-Jun-12,28-Jun-12,ARV,Pediatric,SCMS from RDC,SKU0126,"Nevirapine 10mg/ml, oral suspension w/syringe, Bottle, 240 ml",Generic,240,26807,52273.65,1.95,0.01,"Aurobindo Unit III, India",9937,14700,86.25
84165,Libya,PMO - US,From RDC,N/A - From RDC,Air,23-May-12,23-May-12,ARV,Adult,SCMS from RDC,SKU0014,"Zidovudine 300mg, tablets, 60 Tabs",Generic,60,4166,29245.32,7.02,0.12,Hetero Unit III Hyderabad IN,See DN-2641 (ID#:83029),See DN-2641 (ID#:83029),41
84166,Libya,PMO - US,From RDC,N/A - From RDC,Air,23-May-12,23-May-12,ARV,Adult,SCMS from RDC,SKU0003,"Lamivudine 150mg, tablets, 60 Tabs",Generic,60,8334,19418.22,2.33,0.04,Macleods Daman Plant INDIA,See DN-2641 (ID#:83029),See DN-2641 (ID#:83029),27.22
84167,Uganda,PMO - US,From RDC,N/A - From RDC,Truck,3-Jul-12,18-May-12,ARV,Adult,SCMS from RDC,SKU0011,"Lamivudine/Zidovudine 150/300mg, tablets, 60 Tabs",Generic,60,2000,15560,7.78,0.13,Hetero Unit III Hyderabad IN,See DN-2643 (ID#:82471),See DN-2643 (ID#:82471),21.82
84168,Nigeria,PMO - US,From RDC,N/A - From RDC,Air Charter,4-Jul-12,30-Apr-12,ARV,Adult,SCMS from RDC,SKU0007,"Nevirapine 200mg, tablets, 60 Tabs",Generic,60,48874,119252.56,2.44,0.04,"Aurobindo Unit III, India",4754,27441.21,167.19
84169,Zimbabwe,PMO - US,From RDC,N/A - From RDC,Truck,12-Jun-12,25-May-12,ARV,Adult,SCMS from RDC,SKU0011,"Lamivudine/Zidovudine 150/300mg, tablets, 60 Tabs",Generic,60,3345,26024.1,7.78,0.13,Mylan (formerly Matrix) Nashik,See DN-2656 (ID#:83032),See DN-2656 (ID#:83032),42.94
84170,Zambia,PMO - US,From RDC,N/A - From RDC,Truck,1-Jun-12,28-May-12,ARV,Adult,SCMS from RDC,SKU0007,"Nevirapine 200mg, tablets, 60 Tabs",Generic,60,13127,32948.77,2.51,0.04,"Aurobindo Unit III, India",1252,6079.27,46.19
84173,Nigeria,PMO - US,From RDC,N/A - From RDC,Air Charter,2-Aug-12,3-Jun-12,ARV,Adult,SCMS from RDC,SKU0026,"Efavirenz 600mg, tablets, 30 Tabs",Generic,30,32562,127317.42,3.91,0.13,"Strides, Bangalore, India.",See DN-2687 (ID#:82480),See DN-2687 (ID#:82480),178.5
84174,Nigeria,PMO - US,From RDC,N/A - From RDC,Air Charter,4-Jul-12,3-Jun-12,ARV,Adult,SCMS from RDC,SKU0007,"Nevirapine 200mg, tablets, 60 Tabs",Generic,60,100000,244000,2.44,0.04,"Strides, Bangalore, India.",See DN-2690 (ID#:83041),See DN-2690 (ID#:83041),342.09
84175,Zimbabwe,PMO - US,From RDC,N/A - From RDC,Truck,17-Jun-12,17-Jun-12,ARV,Adult,SCMS from RDC,SKU0007,"Nevirapine 200mg, tablets, 60 Tabs",Generic,60,69037,168450.28,2.44,0.04,Hetero Unit III Hyderabad IN,4353,5530.11,277.94
84176,Tanzania,PMO - US,From RDC,N/A - From RDC,Truck,1-Aug-12,25-Jul-12,ARV,Adult,SCMS from RDC,SKU0029,"Tenofovir Disoproxil Fumarate 300mg, tablets, 30 Tabs",Generic,30,80,440,5.5,0.18,Mylan (formerly Matrix) Nashik,841,3549.9,0.62
84177,"Congo, DRC",PMO - US,From RDC,N/A - From RDC,Air,9-Sep-12,9-Sep-12,HRDT,HIV test,SCMS from RDC,SKU0002,"HIV 1/2, Determine Complete HIV Kit, 100 Tests",Determine,100,1500,120000,80,0.8,"Alere Medical Co., Ltd.",448,2757.4,168.24
84179,Nigeria,PMO - US,From RDC,N/A - From RDC,Air Charter,2-Aug-12,9-Jul-12,ARV,Adult,SCMS from RDC,SKU0007,"Nevirapine 200mg, tablets, 60 Tabs",Generic,60,37844,92339.36,2.44,0.04,Hetero Unit III Hyderabad IN,See DN-2727 (ID#:83053),See DN-2727 (ID#:83053),129.46
84180,Zimbabwe,PMO - US,From RDC,N/A - From RDC,Truck,16-Oct-12,23-Jul-12,ARV,Adult,SCMS from RDC,SKU0007,"Nevirapine 200mg, tablets, 60 Tabs",Generic,60,69037,167069.54,2.42,0.04,"Aurobindo Unit III, India",14074,15299.58,275.66
84181,Zimbabwe,PMO - US,From RDC,N/A - From RDC,Truck,14-Aug-12,23-Jul-12,ARV,Adult,SCMS from RDC,SKU0107,"Lamivudine/Tenofovir Disoproxil Fumarate 300/300mg, tablets, 30 Tabs",Generic,30,78082,418519.52,5.36,0.18,Mylan (formerly Matrix) Nashik,7490,15299.59,690.56
84182,Zambia,PMO - US,From RDC,N/A - From RDC,Truck,23-Aug-12,30-Jul-12,ARV,Adult,SCMS from RDC,SKU0132,"Efavirenz/Emtricitabine/Tenofovir Disoproxil Fumarate 600/200/300mg, tablets, 30 Tabs",Generic,30,200000,3008000,15.04,0.5,Mylan (formerly Matrix) Nashik,33909,16040.39,4217.22
84183,Nigeria,PMO - US,From RDC,N/A - From RDC,Air Charter,2-Aug-12,24-Jul-12,ARV,Adult,SCMS from RDC,SKU0132,"Efavirenz/Emtricitabine/Tenofovir Disoproxil Fumarate 600/200/300mg, tablets, 30 Tabs",Generic,30,17124,257544.96,15.04,0.5,Mylan (formerly Matrix) Nashik,2091,16532.5,361.08
84184,Zimbabwe,PMO - US,From RDC,N/A - From RDC,Truck,16-Oct-12,4-Sep-12,ARV,Adult,SCMS from RDC,SKU0104,"Lamivudine/Stavudine 150/30mg, tablets, 60 Tabs",Generic,60,4451,13130.45,2.95,0.05,"Strides, Bangalore, India.",228,7423.38,21.67
84185,Zambia,PMO - US,From RDC,N/A - From RDC,Truck,31-Aug-12,7-Sep-12,ARV,Adult,SCMS from RDC,SKU0026,"Efavirenz 600mg, tablets, 30 Tabs",Generic,30,155202,591319.62,3.81,0.13,"Emcure Plot No.P-2, I.T-B.T. Park, Phase II, MIDC, Hinjwadi, Pune, India",11334,7317.48,829.03
84186,Nigeria,PMO - US,From RDC,N/A - From RDC,Air,31-Aug-12,14-Aug-12,ARV,Adult,SCMS from RDC,SKU0107,"Lamivudine/Tenofovir Disoproxil Fumarate 300/300mg, tablets, 30 Tabs",Generic,30,24799,132922.64,5.36,0.18,"Cipla, Kurkumbh, India",See DN-2821 (ID#:83069),See DN-2821 (ID#:83069),186.36
84187,Zambia,PMO - US,From RDC,N/A - From RDC,Truck,13-Sep-12,7-Sep-12,ARV,Adult,SCMS from RDC,SKU0104,"Lamivudine/Stavudine 150/30mg, tablets, 60 Tabs",Generic,60,65599,193517.05,2.95,0.05,"Strides, Bangalore, India.",3354,7317.47,271.31
84188,Uganda,PMO - US,From RDC,N/A - From RDC,Truck,28-Sep-12,6-Oct-12,ARV,Adult,SCMS from RDC,SKU0007,"Nevirapine 200mg, tablets, 60 Tabs",Generic,60,18350,44774,2.44,0.04,Hetero Unit III Hyderabad IN,1331,7504,62.77
84189,Uganda,PMO - US,From RDC,N/A - From RDC,Truck,28-Sep-12,6-Oct-12,ARV,Adult,SCMS from RDC,SKU0135,"Lopinavir/Ritonavir 200/50mg, tablets, 120 Tabs",Generic,120,5000,148400,29.68,0.25,Mylan (formerly Matrix) Nashik,See DN-2838 (ID#:84188),See DN-2838 (ID#:84188),208.06
84190,Uganda,PMO - US,From RDC,N/A - From RDC,Truck,5-Oct-12,24-Sep-12,ARV,Adult,SCMS from RDC,SKU0107,"Lamivudine/Tenofovir Disoproxil Fumarate 300/300mg, tablets, 30 Tabs",Generic,30,5619,30117.84,5.36,0.18,Hetero Unit III Hyderabad IN,596,2175.07,42.23
84191,Côte d'Ivoire,PMO - US,From RDC,N/A - From RDC,Truck,29-Oct-12,1-Oct-12,ARV,Adult,SCMS from RDC,SKU0026,"Efavirenz 600mg, tablets, 30 Tabs",Generic,30,4292,16352.52,3.81,0.13,"Strides, Bangalore, India.",See DN-2861 (ID#:82513),See DN-2861 (ID#:82513),22.93
84192,Mozambique,PMO - US,From RDC,N/A - From RDC,Truck,31-Oct-12,10-Oct-12,ARV,Adult,SCMS from RDC,SKU0007,"Nevirapine 200mg, tablets, 60 Tabs",Generic,60,263,636.46,2.42,0.04,Hetero Unit III Hyderabad IN,See DN-2862 (ID#:83083),See DN-2862 (ID#:83083),0.89
84193,Uganda,PMO - US,From RDC,N/A - From RDC,Truck,8-Nov-12,8-Nov-12,ARV,Adult,SCMS from RDC,SKU0026,"Efavirenz 600mg, tablets, 30 Tabs",Generic,30,8132,29600.48,3.64,0.12,"Aurobindo Unit III, India",690,3990,41.5
84194,Zimbabwe,PMO - US,From RDC,N/A - From RDC,Truck,31-Oct-12,18-Oct-12,ARV,Adult,SCMS from RDC,SKU0007,"Nevirapine 200mg, tablets, 60 Tabs",Generic,60,74469,180214.98,2.42,0.04,Hetero Unit III Hyderabad IN,4282,8443.89,252.66
84195,Tanzania,PMO - US,From RDC,N/A - From RDC,Truck,30-Nov-12,31-Oct-12,ARV,Pediatric,SCMS from RDC,SKU0108,"Lamivudine/Nevirapine/Stavudine 60/100/12mg, dispersible tablets, 60 Tabs",Generic,60,13499,58045.7,4.3,0.07,"Cipla, Goa, India",See DN-2883 (ID#:83630),See DN-2883 (ID#:83630),81.38
84196,Zambia,PMO - US,From RDC,N/A - From RDC,Truck,9-Nov-12,5-Nov-12,ARV,Adult,SCMS from RDC,SKU0104,"Lamivudine/Stavudine 150/30mg, tablets, 60 Tabs",Generic,60,10500,30975,2.95,0.05,"Strides, Bangalore, India.",537,6800.6,43.43
84197,Côte d'Ivoire,PMO - US,From RDC,N/A - From RDC,Truck,14-Dec-12,24-Oct-12,ARV,Pediatric,SCMS from RDC,SKU0117,"Zidovudine 10mg/ml, oral solution w/syringe, Bottle, 240 ml",Generic,240,5000,10500,2.1,0.01,"Aurobindo Unit III, India",See DN-2895 (ID#:82524),See DN-2895 (ID#:82524),14.72
84198,Uganda,PMO - US,From RDC,N/A - From RDC,Air,6-Dec-12,29-Oct-12,ARV,Adult,SCMS from RDC,SKU0026,"Efavirenz 600mg, tablets, 30 Tabs",Generic,30,2445,9315.45,3.81,0.13,"Aurobindo Unit III, India",244,2159.1,13.06
84199,Nigeria,PMO - US,From RDC,N/A - From RDC,Air,6-Nov-12,6-Nov-12,ARV,Adult,SCMS from RDC,SKU0011,"Lamivudine/Zidovudine 150/300mg, tablets, 60 Tabs",Generic,60,88403,682471.16,7.72,0.13,Hetero Unit III Hyderabad IN,9421,15459.1,956.82
84200,Zambia,PMO - US,From RDC,N/A - From RDC,Truck,26-Nov-12,26-Nov-12,ARV,Adult,SCMS from RDC,SKU0104,"Lamivudine/Stavudine 150/30mg, tablets, 60 Tabs",Generic,60,2573,7590.35,2.95,0.05,Hetero Unit III Hyderabad IN,207,1900,10.64
84201,Zambia,PMO - US,From RDC,N/A - From RDC,Truck,17-Dec-12,17-Dec-12,ARV,Adult,SCMS from RDC,SKU0007,"Nevirapine 200mg, tablets, 60 Tabs",Generic,60,43676,105695.92,2.42,0.04,"Aurobindo Unit III, India",12561,25636.2,148.19
84202,Zimbabwe,PMO - US,From RDC,N/A - From RDC,Truck,14-Dec-12,13-Dec-12,ARV,Pediatric,SCMS from RDC,SKU0070,"Lamivudine/Stavudine 30/6mg, dispersible tablets, 60 Tabs",Generic,60,19425,36907.5,1.9,0.03,"Cipla, Goa, India",1043,8043.57,51.74
84203,Mozambique,PMO - US,From RDC,N/A - From RDC,Truck,11-Jan-13,11-Jan-13,ARV,Adult,SCMS from RDC,SKU0003,"Lamivudine 150mg, tablets, 60 Tabs",Generic,60,3726,8271.72,2.22,0.04,Hetero Unit III Hyderabad IN,See DN-2928 (ID#:83637),See DN-2928 (ID#:83637),11.6
84204,Mozambique,PMO - US,From RDC,N/A - From RDC,Truck,11-Jan-13,11-Jan-13,ARV,Adult,SCMS from RDC,SKU0011,"Lamivudine/Zidovudine 150/300mg, tablets, 60 Tabs",Generic,60,43632,336839.04,7.72,0.13,Hetero Unit III Hyderabad IN,See DN-2928 (ID#:83637),See DN-2928 (ID#:83637),472.25
84205,Mozambique,PMO - US,From RDC,N/A - From RDC,Truck,11-Jan-13,11-Jan-13,ARV,Adult,SCMS from RDC,SKU0054,"Lamivudine/Nevirapine/Zidovudine 150/200/300mg, tablets, 60 Tabs",Generic,60,2484,23896.08,9.62,0.16,Hetero Unit III Hyderabad IN,249,4754.19,33.5
84206,Zimbabwe,PMO - US,From RDC,N/A - From RDC,Truck,21-Dec-12,11-Dec-12,ARV,Adult,SCMS from RDC,SKU0011,"Lamivudine/Zidovudine 150/300mg, tablets, 60 Tabs",Generic,60,44665,344813.8,7.72,0.13,Hetero Unit III Hyderabad IN,See DN-2940 (ID#:82529),See DN-2940 (ID#:82529),483.43
84207,Zimbabwe,PMO - US,From RDC,N/A - From RDC,Truck,20-Dec-12,11-Dec-12,ARV,Pediatric,SCMS from RDC,SKU0093,"Lamivudine/Nevirapine/Stavudine 30/50/6mg, dispersible tablets, 60 Tabs",Generic,60,33978,78149.4,2.3,0.04,"Cipla, Goa, India",2705,9751.8,109.57
84208,Côte d'Ivoire,PMO - US,From RDC,N/A - From RDC,Truck,14-Dec-12,30-Nov-12,ARV,Adult,SCMS from RDC,SKU0026,"Efavirenz 600mg, tablets, 30 Tabs",Generic,30,74064,269592.96,3.64,0.12,"Strides, Bangalore, India.",See DN-2935 (ID#:83641),See DN-2935 (ID#:83641),377.97
84209,Côte d'Ivoire,PMO - US,From RDC,N/A - From RDC,Truck,28-Feb-13,25-Jan-13,ARV,Adult,SCMS from RDC,SKU0008,"Lopinavir/Ritonavir 200/50mg [Aluvia], tablets, 120 Tabs",Aluvia,120,17500,539350,30.82,0.26,ABBVIE Ludwigshafen Germany,6649,27350.2,756.17
84210,Rwanda,PMO - US,From RDC,N/A - From RDC,Air,6-Feb-13,6-Feb-13,ARV,Adult,SCMS from RDC,SKU0107,"Lamivudine/Tenofovir Disoproxil Fumarate 300/300mg, tablets, 30 Tabs",Generic,30,69691,373543.76,5.36,0.18,Hetero Unit III Hyderabad IN,See DN-2961 (ID#:83098),See DN-2961 (ID#:83098),523.71
84211,Côte d'Ivoire,PMO - US,From RDC,N/A - From RDC,Truck,28-Feb-13,25-Jan-13,ARV,Adult,SCMS from RDC,SKU0135,"Lopinavir/Ritonavir 200/50mg, tablets, 120 Tabs",Generic,120,10000,267000,26.7,0.22,Mylan (formerly Matrix) Nashik,See DN-2967 (ID#:84209),See DN-2967 (ID#:84209),374.33
84212,Uganda,PMO - US,From RDC,N/A - From RDC,Air,31-Jan-13,1-Feb-13,ARV,Adult,SCMS from RDC,SKU0007,"Nevirapine 200mg, tablets, 60 Tabs",Generic,60,4535,10974.7,2.42,0.04,"Aurobindo Unit III, India",491,4002.01,15.39
84213,Rwanda,PMO - US,From RDC,N/A - From RDC,Air,7-Feb-13,7-Feb-13,ARV,Adult,SCMS from RDC,SKU0113,"Efavirenz/Lamivudine/Tenofovir Disoproxil Fumarate 600/300/300mg, tablets, 30 Tabs",Generic,30,112007,1356404.77,12.11,0.4,Mylan (formerly Matrix) Nashik,12757,20994.85,1901.68
84214,Uganda,PMO - US,From RDC,N/A - From RDC,Truck,5-Feb-13,5-Feb-13,ARV,Adult,SCMS from RDC,SKU0113,"Efavirenz/Lamivudine/Tenofovir Disoproxil Fumarate 600/300/300mg, tablets, 30 Tabs",Generic,30,112873,1366892.03,12.11,0.4,Mylan (formerly Matrix) Nashik,12838,111318.14,1916.38
84215,"Congo, DRC",PMO - US,From RDC,N/A - From RDC,Air,11-Sep-13,11-Sep-13,ARV,Adult,SCMS from RDC,SKU0003,"Lamivudine 150mg, tablets, 60 Tabs",Generic,60,123,244.77,1.99,0.03,Hetero Unit III Hyderabad IN,See DN-2981 (ID#:82538),See DN-2981 (ID#:82538),0.3
84216,Zimbabwe,PMO - US,From RDC,N/A - From RDC,Truck,11-Feb-13,11-Feb-13,ARV,Adult,SCMS from RDC,SKU0107,"Lamivudine/Tenofovir Disoproxil Fumarate 300/300mg, tablets, 30 Tabs",Generic,30,221799,1066853.19,4.81,0.16,Hetero Unit III Hyderabad IN,58270,47389.63,1495.73
84217,Zimbabwe,PMO - US,From RDC,N/A - From RDC,Truck,11-Feb-13,11-Feb-13,ARV,Adult,SCMS from RDC,SKU0007,"Nevirapine 200mg, tablets, 60 Tabs",Generic,60,164433,379840.23,2.31,0.04,"Aurobindo Unit III, India",See DN-2989 (ID#:84216),See DN-2989 (ID#:84216),532.54
84218,Zambia,PMO - US,From RDC,N/A - From RDC,Truck,15-Mar-13,19-Feb-13,ARV,Adult,SCMS from RDC,SKU0132,"Efavirenz/Emtricitabine/Tenofovir Disoproxil Fumarate 600/200/300mg, tablets, 30 Tabs",Generic,30,30114,412260.66,13.69,0.46,Mylan (formerly Matrix) Nashik,1230,6923.53,577.99
84222,Haiti,PMO - US,From RDC,N/A - From RDC,Air,9-Apr-13,3-Jan-13,ARV,Adult,SCMS from RDC,SKU0044,"Lamivudine/Nevirapine/Stavudine 150/200/30mg, tablets, 60 Tabs",Generic,60,270,1269,4.7,0.08,"Strides, Bangalore, India.",See DN-3014 (ID#:83655),See DN-3014 (ID#:83655),1.57
84223,"Congo, DRC",PMO - US,From RDC,N/A - From RDC,Air,18-Mar-13,8-Aug-13,ARV,Pediatric,SCMS from RDC,SKU0131,"Lamivudine/Zidovudine 30/60mg, tablets, 60 Tabs",Generic,60,1296,2928.96,2.26,0.04,"Aurobindo Unit III, India",See DN-3017 (ID#:83108),See DN-3017 (ID#:83108),3.62
84224,"Congo, DRC",PMO - US,From RDC,N/A - From RDC,Air,18-Mar-13,8-Aug-13,ARV,Adult,SCMS from RDC,SKU0054,"Lamivudine/Nevirapine/Zidovudine 150/200/300mg, tablets, 60 Tabs",Generic,60,990,8494.2,8.58,0.14,Hetero Unit III Hyderabad IN,See DN-3017 (ID#:83108),See DN-3017 (ID#:83108),10.51
84225,"Congo, DRC",PMO - US,From RDC,N/A - From RDC,Air,18-Mar-13,8-Aug-13,ARV,Pediatric,SCMS from RDC,SKU0138,"Abacavir/Lamivudine 60/30mg, tablets, 60 Tabs",Generic,60,54,248.4,4.6,0.08,"Aurobindo Unit III, India",See DN-3017 (ID#:83108),See DN-3017 (ID#:83108),0.31
84226,"Congo, DRC",PMO - US,From RDC,N/A - From RDC,Air,18-Mar-13,8-Aug-13,ARV,Pediatric,SCMS from RDC,SKU0142,"Efavirenz 200mg, scored tablets, 90 Tabs",Generic,90,228,1664.4,7.3,0.08,"Strides, Bangalore, India.",See DN-3017 (ID#:83108),See DN-3017 (ID#:83108),2.06
84227,Côte d'Ivoire,PMO - US,From RDC,N/A - From RDC,Truck,28-Feb-13,28-Feb-13,ARV,Adult,SCMS from RDC,SKU0054,"Lamivudine/Nevirapine/Zidovudine 150/200/300mg, tablets, 60 Tabs",Generic,60,36240,310939.2,8.58,0.14,"Aurobindo Unit III, India",13509,36857.21,435.94
84228,Uganda,PMO - US,From RDC,N/A - From RDC,Air,18-Mar-13,7-Mar-13,ARV,Adult,SCMS from RDC,SKU0054,"Lamivudine/Nevirapine/Zidovudine 150/200/300mg, tablets, 60 Tabs",Generic,60,7253,62230.74,8.58,0.14,"Cipla, Goa, India",See DN-3024 (ID#:83112),See DN-3024 (ID#:83112),87.25
84229,Uganda,PMO - US,From RDC,N/A - From RDC,Air,4-Apr-13,7-Mar-13,ARV,Adult,SCMS from RDC,SKU0107,"Lamivudine/Tenofovir Disoproxil Fumarate 300/300mg, tablets, 30 Tabs",Generic,30,32298,151800.6,4.7,0.16,Hetero Unit III Hyderabad IN,See DN-3025 (ID#:82546),See DN-3025 (ID#:82546),187.78
84273,Zimbabwe,PMO - US,From RDC,N/A - From RDC,Truck,31-Jul-13,6-Aug-13,ARV,Adult,SCMS from RDC,SKU0026,"Efavirenz 600mg, tablets, 30 Tabs",Generic,30,4800,15984,3.33,0.11,"Hetero, Jadcherla, unit 5, IN",396,11133.66,19.77
84230,Zimbabwe,PMO - US,From RDC,N/A - From RDC,Truck,31-Mar-13,14-Mar-13,ARV,Adult,SCMS from RDC,SKU0113,"Efavirenz/Lamivudine/Tenofovir Disoproxil Fumarate 600/300/300mg, tablets, 30 Tabs",Generic,30,20160,244137.6,12.11,0.4,Mylan (formerly Matrix) Nashik,See DN-3033 (ID#:83658),See DN-3033 (ID#:83658),302
84231,Zimbabwe,PMO - US,From RDC,N/A - From RDC,Truck,31-Mar-13,14-Mar-13,ARV,Adult,SCMS from RDC,SKU0011,"Lamivudine/Zidovudine 150/300mg, tablets, 60 Tabs",Generic,60,4800,34896,7.27,0.12,"Aurobindo Unit III, India",See DN-3033 (ID#:83658),See DN-3033 (ID#:83658),43.17
84232,Uganda,PMO - US,From RDC,N/A - From RDC,Truck,8-Mar-13,7-Mar-13,ARV,Adult,SCMS from RDC,SKU0054,"Lamivudine/Nevirapine/Zidovudine 150/200/300mg, tablets, 60 Tabs",Generic,60,42717,366511.86,8.58,0.14,"Cipla, Goa, India",5732,25118.88,453.38
84233,Haiti,PMO - US,From RDC,N/A - From RDC,Air,9-Apr-13,14-Mar-13,ARV,Adult,SCMS from RDC,SKU0041,"Stavudine 15mg, capsules, 60 Caps",Generic,60,216,285.12,1.32,0.02,"Aurobindo Unit III, India",See DN-3015 (ID#:82554),See DN-3015 (ID#:82554),0.35
84234,Côte d'Ivoire,PMO - US,From RDC,N/A - From RDC,Truck,30-Apr-13,8-Mar-13,ARV,Adult,SCMS from RDC,SKU0135,"Lopinavir/Ritonavir 200/50mg, tablets, 120 Tabs",Generic,120,8476,209865.76,24.76,0.21,"Aurobindo Unit III, India",See DN-3046 (ID#:83119),See DN-3046 (ID#:83119),294.23
84235,Zimbabwe,PMO - US,From RDC,N/A - From RDC,Truck,15-Apr-13,23-Mar-13,ARV,Adult,SCMS from RDC,SKU0107,"Lamivudine/Tenofovir Disoproxil Fumarate 300/300mg, tablets, 30 Tabs",Generic,30,49467,232494.9,4.7,0.16,Hetero Unit III Hyderabad IN,8615,49580.17,325.96
84236,Zambia,PMO - US,From RDC,N/A - From RDC,Truck,25-Jun-13,15-Mar-13,ARV,Adult,SCMS from RDC,SKU0007,"Nevirapine 200mg, tablets, 60 Tabs",Generic,60,25991,58739.66,2.26,0.04,"Aurobindo Unit III, India",2504,12315.5,72.66
84237,Guyana,PMO - US,From RDC,N/A - From RDC,Truck,18-Apr-13,15-Mar-13,ARV,Pediatric,SCMS from RDC,SKU0130,"Lamivudine 10mg/ml, oral solution w/syringe, Bottle, 240 ml",Generic,240,225,416.25,1.85,0.01,"Aurobindo Unit III, India",See DN-3059 (ID#:82560),See DN-3059 (ID#:82560),0.51
84238,Zimbabwe,PMO - US,From RDC,N/A - From RDC,Air,13-Apr-13,13-Apr-13,ARV,Adult,SCMS from RDC,SKU0008,"Lopinavir/Ritonavir 200/50mg [Aluvia], tablets, 120 Tabs",Aluvia,120,2390,56762.5,23.75,0.2,ABBVIE Ludwigshafen Germany,533,5623.52,70.22
84241,Uganda,PMO - US,From RDC,N/A - From RDC,Air,25-Apr-13,25-Apr-13,ARV,Adult,SCMS from RDC,SKU0162,"Abacavir/Lamivudine 600/300mg, scored tablets, 30 Tabs",Generic,30,7051,98431.96,13.96,0.47,Mylan (formerly Matrix) Nashik,See DN-3069 (ID#:83124),See DN-3069 (ID#:83124),121.76
84242,Zambia,PMO - US,From RDC,N/A - From RDC,Truck,30-Apr-13,15-Apr-13,ARV,Adult,SCMS from RDC,SKU0132,"Efavirenz/Emtricitabine/Tenofovir Disoproxil Fumarate 600/200/300mg, tablets, 30 Tabs",Generic,30,225035,3080729.15,13.69,0.46,Mylan (formerly Matrix) Nashik,25504,33770.41,4319.18
84243,Côte d'Ivoire,PMO - US,From RDC,N/A - From RDC,Truck,28-Mar-13,30-Mar-13,ARV,Adult,SCMS from RDC,SKU0054,"Lamivudine/Nevirapine/Zidovudine 150/200/300mg, tablets, 60 Tabs",Generic,60,38722,332234.76,8.58,0.14,"Cipla, Goa, India",See DN-3075 (ID#:83129),See DN-3075 (ID#:83129),465.79
84244,Tanzania,PMO - US,From RDC,N/A - From RDC,Truck,31-May-13,14-May-13,ARV,Pediatric,SCMS from RDC,SKU0093,"Lamivudine/Nevirapine/Stavudine 30/50/6mg, dispersible tablets, 60 Tabs",Generic,60,11606,26693.8,2.3,0.04,"Cipla, Goa, India",See DN-3101 (ID#:83672),See DN-3101 (ID#:83672),33.02
84245,Mozambique,PMO - US,From RDC,N/A - From RDC,Air,4-Jul-13,4-Jul-13,ARV,Adult,SCMS from RDC,SKU0029,"Tenofovir Disoproxil Fumarate 300mg, tablets, 30 Tabs",Generic,30,1800,7272,4.04,0.13,Mylan (formerly Matrix) Nashik,108,832.5,9
84247,Burundi,PMO - US,From RDC,N/A - From RDC,Air,31-May-13,23-May-13,ARV,Adult,SCMS from RDC,SKU0135,"Lopinavir/Ritonavir 200/50mg, tablets, 120 Tabs",Generic,120,240,5942.4,24.76,0.21,Mylan (formerly Matrix) Nashik,See DN-3118 (ID#:82569),See DN-3118 (ID#:82569),7.35
84248,Zambia,PMO - US,From RDC,N/A - From RDC,Air,28-Jun-13,13-May-13,ARV,Adult,SCMS from RDC,SKU0105,"Emtricitabine/Tenofovir Disoproxil Fumarate 200/300mg, tablets, 30 Tabs",Generic,30,69811,423752.77,6.07,0.2,Mylan (formerly Matrix) Nashik,7632,50626.6,524.18
84249,South Sudan,PMO - US,From RDC,N/A - From RDC,Air,30-Apr-13,17-Apr-13,ARV,Adult,SCMS from RDC,SKU0014,"Zidovudine 300mg, tablets, 60 Tabs",Generic,60,1466,9910.16,6.76,0.11,"Aurobindo Unit III, India",83,2089,12.26
84250,Zambia,PMO - US,From RDC,N/A - From RDC,Air,28-Jun-13,13-May-13,ARV,Adult,SCMS from RDC,SKU0105,"Emtricitabine/Tenofovir Disoproxil Fumarate 200/300mg, tablets, 30 Tabs",Generic,30,20537,124659.59,6.07,0.2,Hetero Unit III Hyderabad IN,See DN-3116 (ID#:84248),See DN-3116 (ID#:84248),154.2
84251,Burundi,PMO - US,From RDC,N/A - From RDC,Air,30-Jun-13,9-May-13,ARV,Adult,SCMS from RDC,SKU0105,"Emtricitabine/Tenofovir Disoproxil Fumarate 200/300mg, tablets, 30 Tabs",Generic,30,1080,6555.6,6.07,0.2,Mylan (formerly Matrix) Nashik,See DN-3129 (ID#:83135),See DN-3129 (ID#:83135),8.11
84252,Nigeria,PMO - US,From RDC,N/A - From RDC,Air Charter,21-May-13,3-May-13,ARV,Adult,SCMS from RDC,SKU0135,"Lopinavir/Ritonavir 200/50mg, tablets, 120 Tabs",Generic,120,7677,167205.06,21.78,0.18,Mylan (formerly Matrix) Nashik,16376,14547.55,206.83
84253,Zimbabwe,PMO - US,From RDC,N/A - From RDC,Truck,6-May-13,29-Apr-13,ARV,Adult,SCMS from RDC,SKU0107,"Lamivudine/Tenofovir Disoproxil Fumarate 300/300mg, tablets, 30 Tabs",Generic,30,2014,9465.8,4.7,0.16,"Aurobindo Unit VII, IN",See DN-3131 (ID#:83136),See DN-3131 (ID#:83136),11.71
84254,Mozambique,PMO - US,From RDC,N/A - From RDC,Truck,21-Jul-13,26-Jul-13,ARV,Adult,SCMS from RDC,SKU0026,"Efavirenz 600mg, tablets, 30 Tabs",Generic,30,34200,113886,3.33,0.11,"Hetero, Jadcherla, unit 5, IN",7908,5496.08,140.88
84255,Mozambique,PMO - US,From RDC,N/A - From RDC,Truck,30-Sep-13,29-Aug-13,ARV,Adult,SCMS from RDC,SKU0003,"Lamivudine 150mg, tablets, 60 Tabs",Generic,60,2600,5174,1.99,0.03,Hetero Unit III Hyderabad IN,149,1815.67,6.4
84256,Mozambique,PMO - US,From RDC,N/A - From RDC,Truck,1-Aug-13,1-Aug-13,ARV,Pediatric,SCMS from RDC,SKU0117,"Zidovudine 10mg/ml, oral solution w/syringe, Bottle, 240 ml",Generic,240,13603,28566.3,2.1,0.01,"Aurobindo Unit III, India",See DN-3102 (ID#:82573),See DN-3102 (ID#:82573),35.34
84257,Mozambique,PMO - US,From RDC,N/A - From RDC,Truck,1-Aug-13,1-Aug-13,ARV,Adult,SCMS from RDC,SKU0054,"Lamivudine/Nevirapine/Zidovudine 150/200/300mg, tablets, 60 Tabs",Generic,60,25400,217932,8.58,0.14,"Cipla, Goa, India",See DN-3102 (ID#:82573),See DN-3102 (ID#:82573),269.58
84258,Zimbabwe,PMO - US,From RDC,N/A - From RDC,Truck,30-May-13,29-Apr-13,ARV,Adult,SCMS from RDC,SKU0107,"Lamivudine/Tenofovir Disoproxil Fumarate 300/300mg, tablets, 30 Tabs",Generic,30,40534,190509.8,4.7,0.16,"Aurobindo Unit VII, IN",3749,9708.48,235.66
84259,Nigeria,PMO - US,From RDC,N/A - From RDC,Air Charter,21-May-13,6-May-13,ARV,Adult,SCMS from RDC,SKU0007,"Nevirapine 200mg, tablets, 60 Tabs",Generic,60,14344,32417.44,2.26,0.04,"Aurobindo Unit III, India",See DN-3148 (ID#:82574),See DN-3148 (ID#:82574),40.1
84260,Tanzania,PMO - US,From RDC,N/A - From RDC,Truck,23-Aug-13,14-May-13,ARV,Pediatric,SCMS from RDC,SKU0093,"Lamivudine/Nevirapine/Stavudine 30/50/6mg, dispersible tablets, 60 Tabs",Generic,60,12917,29709.1,2.3,0.04,"Cipla, Goa, India",2461,3592.8,36.75
84262,Nigeria,PMO - US,From RDC,N/A - From RDC,Air Charter,21-May-13,10-May-13,ARV,Adult,SCMS from RDC,SKU0011,"Lamivudine/Zidovudine 150/300mg, tablets, 60 Tabs",Generic,60,41222,288554,7,0.12,"Cipla, Goa, India",See DN-3171 (ID#:83685),See DN-3171 (ID#:83685),356.94
84263,Nigeria,PMO - US,From RDC,N/A - From RDC,Air Charter,21-Aug-13,10-May-13,ARV,Pediatric,SCMS from RDC,SKU0138,"Abacavir/Lamivudine 60/30mg, tablets, 60 Tabs",Generic,60,763,3509.8,4.6,0.08,"Aurobindo Unit III, India",56,20666.07,4.34
84264,Mozambique,PMO - US,From RDC,N/A - From RDC,Truck,28-Jun-13,10-Jul-13,ARV,Adult,SCMS from RDC,SKU0113,"Efavirenz/Lamivudine/Tenofovir Disoproxil Fumarate 600/300/300mg, tablets, 30 Tabs",Generic,30,66956,704377.12,10.52,0.35,Mylan (formerly Matrix) Nashik,5810,13649.6,987.54
84265,Mozambique,PMO - US,From RDC,N/A - From RDC,Truck,26-Jul-13,26-Jul-13,ARV,Adult,SCMS from RDC,SKU0107,"Lamivudine/Tenofovir Disoproxil Fumarate 300/300mg, tablets, 30 Tabs",Generic,30,8531,40095.7,4.7,0.16,"Aurobindo Unit VII, IN",Weight Captured Separately,Freight Included in Commodity Cost,49.6
84267,Nigeria,PMO - US,From RDC,N/A - From RDC,Air Charter,21-May-13,29-May-13,ARV,Adult,SCMS from RDC,SKU0007,"Nevirapine 200mg, tablets, 60 Tabs",Generic,60,109238,246877.88,2.26,0.04,"Aurobindo Unit III, India",11763,20761,305.39
84270,Nigeria,PMO - US,From RDC,N/A - From RDC,Air Charter,4-Jun-13,29-May-13,ARV,Adult,SCMS from RDC,SKU0026,"Efavirenz 600mg, tablets, 30 Tabs",Generic,30,45000,149850,3.33,0.11,"Cipla, Goa, India",16966,20761,185.36
84271,Nigeria,PMO - US,From RDC,N/A - From RDC,Air Charter,31-May-13,28-May-13,ARV,Adult,SCMS from RDC,SKU0135,"Lopinavir/Ritonavir 200/50mg, tablets, 120 Tabs",Generic,120,7014,152764.92,21.78,0.18,"Aurobindo Unit III, India",7733,20761,188.97
84272,Zambia,PMO - US,From RDC,N/A - From RDC,Truck,18-Jul-13,23-Jul-13,ARV,Adult,SCMS from RDC,SKU0132,"Efavirenz/Emtricitabine/Tenofovir Disoproxil Fumarate 600/200/300mg, tablets, 30 Tabs",Generic,30,176213,2283720.48,12.96,0.43,Mylan (formerly Matrix) Nashik,19962,31401.08,2824.96
84274,Uganda,PMO - US,From RDC,N/A - From RDC,Air,31-Jul-13,23-Jul-13,ARV,Adult,SCMS from RDC,SKU0113,"Efavirenz/Lamivudine/Tenofovir Disoproxil Fumarate 600/300/300mg, tablets, 30 Tabs",Generic,30,35930,377983.6,10.52,0.35,Hetero Unit III Hyderabad IN,4811,2486.5,467.57
84275,Uganda,PMO - US,From RDC,N/A - From RDC,Truck,31-Jul-13,26-Aug-13,ARV,Adult,SCMS from RDC,SKU0054,"Lamivudine/Nevirapine/Zidovudine 150/200/300mg, tablets, 60 Tabs",Generic,60,44017,363580.42,8.26,0.14,Hetero Unit III Hyderabad IN,See DN-3237 (ID#:83700),See DN-3237 (ID#:83700),449.75
84276,Nigeria,PMO - US,From RDC,N/A - From RDC,Air Charter,22-Jul-13,23-Jul-13,ARV,Pediatric,SCMS from RDC,SKU0169,"Lamivudine/Stavudine 60/12mg, dispersible tablets, 60 Tabs",Generic,60,1945,6418.5,3.3,0.06,"Cipla, Goa, India",165,Freight Included in Commodity Cost,7.94
84277,Côte d'Ivoire,PMO - US,From RDC,N/A - From RDC,Truck,31-Oct-13,23-Jul-13,ARV,Adult,SCMS from RDC,SKU0029,"Tenofovir Disoproxil Fumarate 300mg, tablets, 30 Tabs",Generic,30,2656,10730.24,4.04,0.13,Mylan (formerly Matrix) Nashik,167,1478.35,13.27
84279,"Congo, DRC",PMO - US,From RDC,N/A - From RDC,Air,28-Aug-13,8-Feb-14,ARV,Adult,SCMS from RDC,SKU0054,"Lamivudine/Nevirapine/Zidovudine 150/200/300mg, tablets, 60 Tabs",Generic,60,800,6608,8.26,0.14,Mylan (formerly Matrix) Nashik,See DN-3269 (ID#:83711),See DN-3269 (ID#:83711),8.17
84280,Uganda,PMO - US,From RDC,N/A - From RDC,Truck,6-Aug-13,22-Aug-13,ARV,Adult,SCMS from RDC,SKU0011,"Lamivudine/Zidovudine 150/300mg, tablets, 60 Tabs",Generic,60,45233,316631,7,0.12,Hetero Unit III Hyderabad IN,3984,20074.74,391.67
84281,Zimbabwe,PMO - US,From RDC,N/A - From RDC,Truck,20-Sep-13,20-Sep-13,ARV,Adult,SCMS from RDC,SKU0113,"Efavirenz/Lamivudine/Tenofovir Disoproxil Fumarate 600/300/300mg, tablets, 30 Tabs",Generic,30,59680,627833.6,10.52,0.35,Hetero Unit III Hyderabad IN,7831,4529.65,776.63
84282,Côte d'Ivoire,PMO - US,From RDC,N/A - From RDC,Truck,30-Sep-13,28-Aug-13,ARV,Pediatric,SCMS from RDC,SKU0140,"Lamivudine/Nevirapine/Zidovudine 30/50/60mg, dispersible tablets, 60 Tabs",Generic,60,7600,29564,3.89,0.06,Mylan (formerly Matrix) Nashik,415,2751.09,41.45
84283,Zambia,PMO - US,From RDC,N/A - From RDC,Truck,22-Oct-13,22-Oct-13,ARV,Adult,SCMS from RDC,SKU0007,"Nevirapine 200mg, tablets, 60 Tabs",Generic,60,2997,6773.22,2.26,0.04,"Cipla, Goa, India",2764,4356.75,8.38
84284,Zambia,PMO - US,From RDC,N/A - From RDC,Truck,22-Oct-13,22-Oct-13,ARV,Adult,SCMS from RDC,SKU0132,"Efavirenz/Emtricitabine/Tenofovir Disoproxil Fumarate 600/200/300mg, tablets, 30 Tabs",Generic,30,16099,198017.7,12.3,0.41,Mylan (formerly Matrix) Nashik,2004,4356.75,277.62
84285,Zambia,PMO - US,From RDC,N/A - From RDC,Truck,16-Sep-13,23-Sep-13,ARV,Pediatric,SCMS from RDC,SKU0142,"Efavirenz 200mg, scored tablets, 90 Tabs",Generic,90,10000,73000,7.3,0.08,"Strides, Bangalore, India.",684,1026.49,90.3
84286,"Congo, DRC",PMO - US,From RDC,N/A - From RDC,Air,21-Jan-14,21-Jan-14,ARV,Pediatric,SCMS from RDC,SKU0126,"Nevirapine 10mg/ml, oral suspension w/syringe, Bottle, 240 ml",Generic,240,6339,12361.05,1.95,0.01,"Aurobindo Unit III, India",2357,24505,15.29
84287,Mozambique,PMO - US,From RDC,N/A - From RDC,Truck,31-Oct-13,31-Oct-13,ARV,Adult,SCMS from RDC,SKU0026,"Efavirenz 600mg, tablets, 30 Tabs",Generic,30,70643,235241.19,3.33,0.11,"Hetero, Jadcherla, unit 5, IN",See DN-3318 (ID#:83716),See DN-3318 (ID#:83716),290.99
84288,Tanzania,PMO - US,From RDC,N/A - From RDC,Truck,20-Nov-13,10-Sep-13,ARV,Adult,SCMS from RDC,SKU0058,"Abacavir 300mg, tablets, 60 Tabs",Generic,60,13370,153220.2,11.46,0.19,"Aurobindo Unit III, India",1337,10540.22,189.53
84289,Uganda,PMO - US,From RDC,N/A - From RDC,Air,30-Sep-13,29-Oct-13,ARV,Adult,SCMS from RDC,SKU0008,"Lopinavir/Ritonavir 200/50mg [Aluvia], tablets, 120 Tabs",Aluvia,120,13040,263668.8,20.22,0.17,ABBVIE Ludwigshafen Germany,2638,13508.98,326.16
84290,Zimbabwe,PMO - US,From RDC,N/A - From RDC,Truck,30-Sep-13,9-Oct-13,ARV,Adult,SCMS from RDC,SKU0107,"Lamivudine/Tenofovir Disoproxil Fumarate 300/300mg, tablets, 30 Tabs",Generic,30,131520,632611.2,4.81,0.16,Hetero Unit III Hyderabad IN,2277,12000,782.54
84291,Rwanda,PMO - US,From RDC,N/A - From RDC,Truck,15-Oct-13,15-Oct-13,ARV,Pediatric,SCMS from RDC,SKU0130,"Lamivudine 10mg/ml, oral solution w/syringe, Bottle, 240 ml",Generic,240,5495,7967.75,1.45,0.01,"Aurobindo Unit III, India",1960,4390.98,9.86
84292,Uganda,PMO - US,From RDC,N/A - From RDC,Air,15-Oct-13,8-Nov-13,ARV,Adult,SCMS from RDC,SKU0008,"Lopinavir/Ritonavir 200/50mg [Aluvia], tablets, 120 Tabs",Aluvia,120,13164,266176.08,20.22,0.17,ABBVIE Ludwigshafen Germany,2722,8604.7,329.26
84293,Dominican Republic,PMO - US,From RDC,N/A - From RDC,Air,29-Oct-13,16-Oct-13,ARV,Adult,SCMS from RDC,SKU0007,"Nevirapine 200mg, tablets, 60 Tabs",Generic,60,288,650.88,2.26,0.04,Hetero Unit III Hyderabad IN,See DN-3349 (ID#:83720),See DN-3349 (ID#:83720),0.81
84294,Mozambique,PMO - US,From RDC,N/A - From RDC,Truck,15-Nov-13,8-Oct-13,ARV,Adult,SCMS from RDC,SKU0014,"Zidovudine 300mg, tablets, 60 Tabs",Generic,60,21410,133812.5,6.25,0.1,Hetero Unit III Hyderabad IN,See DN-3350 (ID#:83165),See DN-3350 (ID#:83165),165.53
84295,Dominican Republic,PMO - US,From RDC,N/A - From RDC,Air,26-Nov-13,10-Oct-13,ARV,Adult,SCMS from RDC,SKU0011,"Lamivudine/Zidovudine 150/300mg, tablets, 60 Tabs",Generic,60,15080,105560,7,0.12,"Cipla, Goa, India",1212,15181,130.58
84296,Tanzania,PMO - US,From RDC,N/A - From RDC,Truck,31-Oct-13,4-Nov-13,ARV,Pediatric,SCMS from RDC,SKU0146,"Nevirapine 10mg/ml, oral suspension w/syringe, Bottle, 100 ml",Generic,100,56540,73502,1.3,0.01,"Aurobindo Unit III, India",See DN-3347 (ID#:82611),See DN-3347 (ID#:82611),90.92
84297,Zambia,PMO - US,From RDC,N/A - From RDC,Truck,29-Nov-13,29-Nov-13,ARV,Adult,SCMS from RDC,SKU0007,"Nevirapine 200mg, tablets, 60 Tabs",Generic,60,9984,22563.84,2.26,0.04,"Cipla, Goa, India",See DN-3361 (ID#:83172),See DN-3361 (ID#:83172),27.91
84298,Côte d'Ivoire,PMO - US,From RDC,N/A - From RDC,Truck,31-Oct-13,22-Oct-13,ARV,Adult,SCMS from RDC,SKU0135,"Lopinavir/Ritonavir 200/50mg, tablets, 120 Tabs",Generic,120,6269,131649,21,0.18,Mylan (formerly Matrix) Nashik,See DN-3371 (ID#:83174),See DN-3371 (ID#:83174),162.85
84299,Côte d'Ivoire,PMO - US,From RDC,N/A - From RDC,Truck,31-Oct-13,22-Oct-13,ARV,Adult,SCMS from RDC,SKU0054,"Lamivudine/Nevirapine/Zidovudine 150/200/300mg, tablets, 60 Tabs",Generic,60,14300,118118,8.26,0.14,"Cipla, Goa, India",See DN-3371 (ID#:83174),See DN-3371 (ID#:83174),146.11
84302,Zambia,PMO - US,From RDC,N/A - From RDC,Truck,24-Jan-14,24-Jan-14,ARV,Adult,SCMS from RDC,SKU0135,"Lopinavir/Ritonavir 200/50mg, tablets, 120 Tabs",Generic,120,46009,942264.32,20.48,0.17,Mylan (formerly Matrix) Nashik,22534,30981.39,1165.58
84303,Rwanda,PMO - US,From RDC,N/A - From RDC,Truck,29-Nov-13,29-Nov-13,ARV,Adult,SCMS from RDC,SKU0054,"Lamivudine/Nevirapine/Zidovudine 150/200/300mg, tablets, 60 Tabs",Generic,60,89520,768081.6,8.58,0.14,"Aurobindo Unit III, India",10238,13380.52,950.12
84329,Uganda,PMO - US,From RDC,N/A - From RDC,Air,31-Jan-14,17-Feb-14,ARV,Pediatric,SCMS from RDC,SKU0138,"Abacavir/Lamivudine 60/30mg, tablets, 60 Tabs",Generic,60,1864,7456,4,0.07,"Aurobindo Unit III, India",89,790.29,9.22
84304,Tanzania,PMO - US,From RDC,N/A - From RDC,Truck,26-Dec-13,16-Dec-13,ARV,Adult,SCMS from RDC,SKU0007,"Nevirapine 200mg, tablets, 60 Tabs",Generic,60,59498,134465.48,2.26,0.04,"Aurobindo Unit III, India",See DN-3401 (ID#:83180),See DN-3401 (ID#:83180),166.33
84305,Côte d'Ivoire,PMO - US,From RDC,N/A - From RDC,Air,16-Dec-13,2-Dec-13,ARV,Adult,SCMS from RDC,SKU0058,"Abacavir 300mg, tablets, 60 Tabs",Generic,60,9300,106578,11.46,0.19,"Aurobindo Unit III, India",See DN-3418 (ID#:83182),See DN-3418 (ID#:83182),131.84
84306,Guyana,PMO - US,From RDC,N/A - From RDC,Air,31-Dec-13,30-Nov-13,ARV,Adult,SCMS from RDC,SKU0105,"Emtricitabine/Tenofovir Disoproxil Fumarate 200/300mg, tablets, 30 Tabs",Generic,30,3402,19969.74,5.87,0.2,"Aurobindo Unit III, India",392,4523,24.7
84307,Rwanda,PMO - US,From RDC,N/A - From RDC,Truck,29-Nov-13,5-Feb-14,ARV,Pediatric,SCMS from RDC,SKU0130,"Lamivudine 10mg/ml, oral solution w/syringe, Bottle, 240 ml",Generic,240,5233,7587.85,1.45,0.01,"Aurobindo Unit III, India",1855,6638.3,9.39
84308,Guyana,PMO - US,From RDC,N/A - From RDC,Air,31-Dec-13,2-Dec-13,ARV,Pediatric,SCMS from RDC,SKU0142,"Efavirenz 200mg, scored tablets, 90 Tabs",Generic,90,96,892.8,9.3,0.1,"Strides, Bangalore, India.",See DN-3425 (ID#:82618),See DN-3425 (ID#:82618),1.1
84309,Nigeria,PMO - US,From RDC,N/A - From RDC,Air Charter,31-Dec-13,26-Nov-13,ARV,Adult,SCMS from RDC,SKU0054,"Lamivudine/Nevirapine/Zidovudine 150/200/300mg, tablets, 60 Tabs",Generic,60,67334,577725.72,8.58,0.14,"Aurobindo Unit III, India",8716,26340,714.65
84311,Zimbabwe,PMO - US,From RDC,N/A - From RDC,Truck,31-Dec-13,13-Jan-14,ARV,Adult,SCMS from RDC,SKU0107,"Lamivudine/Tenofovir Disoproxil Fumarate 300/300mg, tablets, 30 Tabs",Generic,30,39360,189321.6,4.81,0.16,Hetero Unit III Hyderabad IN,4174,10900,234.19
84312,Côte d'Ivoire,PMO - US,From RDC,N/A - From RDC,Air,16-Dec-13,16-Dec-13,ARV,Pediatric,SCMS from RDC,SKU0140,"Lamivudine/Nevirapine/Zidovudine 30/50/60mg, dispersible tablets, 60 Tabs",Generic,60,5800,22562,3.89,0.06,"Strides, Bangalore, India.",248,2431.36,27.91
84313,Haiti,PMO - US,From RDC,N/A - From RDC,Air,24-Dec-13,27-Dec-13,ARV,Adult,SCMS from RDC,SKU0135,"Lopinavir/Ritonavir 200/50mg, tablets, 120 Tabs",Generic,120,1865,38195.2,20.48,0.17,Mylan (formerly Matrix) Nashik,497,5819.7,39.26
84314,Côte d'Ivoire,PMO - US,From RDC,N/A - From RDC,Air,22-Jan-14,16-Dec-13,ARV,Adult,SCMS from RDC,SKU0107,"Lamivudine/Tenofovir Disoproxil Fumarate 300/300mg, tablets, 30 Tabs",Generic,30,7130,33511,4.7,0.16,"Aurobindo Unit VII, IN",669,2431.39,41.45
84319,Burundi,PMO - US,From RDC,N/A - From RDC,Air,15-Nov-13,22-Nov-13,ARV,Adult,SCMS from RDC,SKU0135,"Lopinavir/Ritonavir 200/50mg, tablets, 120 Tabs",Generic,120,88,1848,21,0.18,Mylan (formerly Matrix) Nashik,95,771.9,2.29
84320,Nigeria,PMO - US,From RDC,N/A - From RDC,Air Charter,31-Jan-14,10-Jan-14,ARV,Pediatric,SCMS from RDC,SKU0131,"Lamivudine/Zidovudine 30/60mg, tablets, 60 Tabs",Generic,60,11605,24950.75,2.15,0.04,Mylan (formerly Matrix) Nashik,935,49199.75,30.86
84321,Rwanda,PMO - US,From RDC,N/A - From RDC,Truck,28-Feb-14,25-Feb-14,ARV,Pediatric,SCMS from RDC,SKU0142,"Efavirenz 200mg, scored tablets, 90 Tabs",Generic,90,2586,24049.8,9.3,0.1,"Strides, Bangalore, India.",164,2737.75,24.72
84322,South Sudan,PMO - US,From RDC,N/A - From RDC,Air,22-Jan-14,11-Feb-14,ARV,Adult,SCMS from RDC,SKU0007,"Nevirapine 200mg, tablets, 60 Tabs",Generic,60,378,854.28,2.26,0.04,"Aurobindo Unit III, India",613,6333,0.88
84323,Rwanda,PMO - US,From RDC,N/A - From RDC,Truck,31-Jan-14,3-Feb-14,ARV,Adult,SCMS from RDC,SKU0107,"Lamivudine/Tenofovir Disoproxil Fumarate 300/300mg, tablets, 30 Tabs",Generic,30,1303,6124.1,4.7,0.16,Mylan (formerly Matrix) Nashik,See DN-3497 (ID#:82640),See DN-3497 (ID#:82640),7.58
84328,Côte d'Ivoire,PMO - US,From RDC,N/A - From RDC,Air,31-Jan-14,18-Feb-14,ARV,Pediatric,SCMS from RDC,SKU0138,"Abacavir/Lamivudine 60/30mg, tablets, 60 Tabs",Generic,60,9500,38000,4,0.07,"Aurobindo Unit III, India",449,3051.95,47.01
84332,Tanzania,PMO - US,From RDC,N/A - From RDC,Truck,31-Jan-14,19-Feb-14,ARV,Adult,SCMS from RDC,SKU0058,"Abacavir 300mg, tablets, 60 Tabs",Generic,60,11022,125209.92,11.36,0.19,"Aurobindo Unit III, India",See DN-3531 (ID#:83761),See DN-3531 (ID#:83761),154.88
84333,Mozambique,PMO - US,From RDC,N/A - From RDC,Truck,28-Feb-14,19-Feb-14,ARV,Adult,SCMS from RDC,SKU0054,"Lamivudine/Nevirapine/Zidovudine 150/200/300mg, tablets, 60 Tabs",Generic,60,164250,1409265,8.58,0.14,"Strides, Bangalore, India.",19164,14509.09,1743.26
84334,Nigeria,PMO - US,From RDC,N/A - From RDC,Air Charter,28-Feb-14,10-Feb-14,ARV,Pediatric,SCMS from RDC,SKU0138,"Abacavir/Lamivudine 60/30mg, tablets, 60 Tabs",Generic,60,2085,8340,4,0.07,"Aurobindo Unit III, India",122,30936.1,10.32
84335,Nigeria,PMO - US,From RDC,N/A - From RDC,Air Charter,28-Feb-14,10-Feb-14,ARV,Adult,SCMS from RDC,SKU0113,"Efavirenz/Lamivudine/Tenofovir Disoproxil Fumarate 600/300/300mg, tablets, 30 Tabs",Generic,30,89490,972756.3,10.87,0.36,Mylan (formerly Matrix) Nashik,11280,30936.1,1203.3
84336,Mozambique,PMO - US,From RDC,N/A - From RDC,Truck,15-Apr-14,28-Mar-14,ARV,Adult,SCMS from RDC,SKU0007,"Nevirapine 200mg, tablets, 60 Tabs",Generic,60,1330,3005.8,2.26,0.04,Hetero Unit III Hyderabad IN,See DN-3558 (ID#:83766),See DN-3558 (ID#:83766),3.09
84337,"Congo, DRC",PMO - US,From RDC,N/A - From RDC,Air,30-May-14,19-May-14,ARV,Pediatric,SCMS from RDC,SKU0126,"Nevirapine 10mg/ml, oral suspension w/syringe, Bottle, 240 ml",Generic,240,440,818.4,1.86,0.01,"Aurobindo Unit III, India",See DN-3561 (ID#:82654),See DN-3561 (ID#:82654),0.84
84339,Mozambique,PMO - US,From RDC,N/A - From RDC,Truck,28-Mar-14,28-Mar-14,ARV,Adult,SCMS from RDC,SKU0113,"Efavirenz/Lamivudine/Tenofovir Disoproxil Fumarate 600/300/300mg, tablets, 30 Tabs",Generic,30,180194,1958708.78,10.87,0.36,"Aurobindo Unit VII, IN",13739,Freight Included in Commodity Cost,2422.92
84341,Côte d'Ivoire,PMO - US,From RDC,N/A - From RDC,Truck,11-Apr-14,11-Apr-14,ARV,Adult,SCMS from RDC,SKU0011,"Lamivudine/Zidovudine 150/300mg, tablets, 60 Tabs",Generic,60,70300,473119,6.73,0.11,Mylan (formerly Matrix) Nashik,5565,23776.42,585.25
84342,Côte d'Ivoire,PMO - US,From RDC,N/A - From RDC,Air,28-Mar-14,26-Mar-14,ARV,Pediatric,SCMS from RDC,SKU0117,"Zidovudine 10mg/ml, oral solution w/syringe, Bottle, 240 ml",Generic,240,2867,6020.7,2.1,0.01,"Aurobindo Unit III, India",5752,18607.76,7.45
84343,Zimbabwe,PMO - US,From RDC,N/A - From RDC,Truck,31-Mar-14,24-Mar-14,ARV,Pediatric,SCMS from RDC,SKU0145,"Abacavir 20mg/ml, oral solution w/syringe, Bottle, 240 ml",Generic,240,595,5063.45,8.51,0.04,"Aurobindo Unit III, India",236,7300,5.21
84420,Rwanda,PMO - US,From RDC,N/A - From RDC,Truck,1-Oct-14,12-Nov-14,ARV,Adult,SCMS from RDC,SKU0007,"Nevirapine 200mg, tablets, 60 Tabs",Generic,60,178258,402863.08,2.26,0.04,"Aurobindo Unit III, India",17140,23340.84,414.14
84344,Rwanda,PMO - US,From RDC,N/A - From RDC,Truck,28-Mar-14,2-Apr-14,ARV,Adult,SCMS from RDC,SKU0054,"Lamivudine/Nevirapine/Zidovudine 150/200/300mg, tablets, 60 Tabs",Generic,60,49998,412983.48,8.26,0.14,"Aurobindo Unit III, India",See DN-3579 (ID#:83217),See DN-3579 (ID#:83217),510.86
84345,Mozambique,PMO - US,From RDC,N/A - From RDC,Truck,15-Apr-14,14-Apr-14,ARV,Adult,SCMS from RDC,SKU0054,"Lamivudine/Nevirapine/Zidovudine 150/200/300mg, tablets, 60 Tabs",Generic,60,54997,454275.22,8.26,0.14,"Aurobindo Unit III, India",See DN-3580 (ID#:83772),See DN-3580 (ID#:83772),466.99
84346,Mozambique,PMO - US,From RDC,N/A - From RDC,Truck,15-Apr-14,14-Apr-14,ARV,Adult,SCMS from RDC,SKU0113,"Efavirenz/Lamivudine/Tenofovir Disoproxil Fumarate 600/300/300mg, tablets, 30 Tabs",Generic,30,4629,51613.35,11.15,0.37,"Aurobindo Unit VII, IN",See DN-3580 (ID#:83772),See DN-3580 (ID#:83772),53.06
84347,South Sudan,PMO - US,From RDC,N/A - From RDC,Air,31-Mar-14,21-Mar-14,ARV,Adult,SCMS from RDC,SKU0135,"Lopinavir/Ritonavir 200/50mg, tablets, 120 Tabs",Generic,120,507,10175.49,20.07,0.17,"Aurobindo Unit III, India",See DN-3581 (ID#:83219),See DN-3581 (ID#:83219),10.46
84348,Guyana,PMO - US,From RDC,N/A - From RDC,Air,31-Mar-14,3-Apr-14,ARV,Adult,SCMS from RDC,SKU0011,"Lamivudine/Zidovudine 150/300mg, tablets, 60 Tabs",Generic,60,287,2009,7,0.12,Mylan (formerly Matrix) Nashik,See DN-3585 (ID#:83223),See DN-3585 (ID#:83223),2.07
84349,Guyana,PMO - US,From RDC,N/A - From RDC,Air,31-Mar-14,3-Apr-14,ARV,Pediatric,SCMS from RDC,SKU0117,"Zidovudine 10mg/ml, oral solution w/syringe, Bottle, 240 ml",Generic,240,190,399,2.1,0.01,"Aurobindo Unit III, India",See DN-3585 (ID#:83223),See DN-3585 (ID#:83223),0.41
84350,Ghana,PMO - US,From RDC,N/A - From RDC,Air,7-Apr-14,7-Apr-14,ARV,Adult,SCMS from RDC,SKU0113,"Efavirenz/Lamivudine/Tenofovir Disoproxil Fumarate 600/300/300mg, tablets, 30 Tabs",Generic,30,16834,182985.58,10.87,0.36,Mylan (formerly Matrix) Nashik,5447,38560.67,188.11
84351,Côte d'Ivoire,PMO - US,From RDC,N/A - From RDC,Truck,30-Apr-14,14-Apr-14,ARV,Adult,SCMS from RDC,SKU0029,"Tenofovir Disoproxil Fumarate 300mg, tablets, 30 Tabs",Generic,30,4400,17776,4.04,0.13,Mylan (formerly Matrix) Nashik,11043,39329.03,21.99
84353,Nigeria,PMO - US,From RDC,N/A - From RDC,Air Charter,6-May-14,17-Apr-14,ARV,Pediatric,SCMS from RDC,SKU0131,"Lamivudine/Zidovudine 30/60mg, tablets, 60 Tabs",Generic,60,10819,23260.85,2.15,0.04,Mylan (formerly Matrix) Nashik,411,29674.91,23.91
84354,Guyana,PMO - US,From RDC,N/A - From RDC,Air,30-Jun-14,14-Apr-14,ARV,Pediatric,SCMS from RDC,SKU0117,"Zidovudine 10mg/ml, oral solution w/syringe, Bottle, 240 ml",Generic,240,176,369.6,2.1,0.01,"Aurobindo Unit III, India",See DN-3626 (ID#:83781),See DN-3626 (ID#:83781),0.38
84355,Mozambique,PMO - US,From RDC,N/A - From RDC,Truck,3-Jun-14,3-Jun-14,ARV,Adult,SCMS from RDC,SKU0054,"Lamivudine/Nevirapine/Zidovudine 150/200/300mg, tablets, 60 Tabs",Generic,60,100000,811000,8.11,0.14,Hetero Unit III Hyderabad IN,See DN-3627 (ID#:83782),See DN-3627 (ID#:83782),833.71
84356,Mozambique,PMO - US,From RDC,N/A - From RDC,Truck,14-Jun-14,24-Jun-14,ARV,Adult,SCMS from RDC,SKU0113,"Efavirenz/Lamivudine/Tenofovir Disoproxil Fumarate 600/300/300mg, tablets, 30 Tabs",Generic,30,127671,1423531.65,11.15,0.37,Hetero Unit III Hyderabad IN,See DN-3628 (ID#:83234),See DN-3628 (ID#:83234),1463.39
84357,Guyana,PMO - US,From RDC,N/A - From RDC,Air,30-Jun-14,25-Apr-14,ARV,Pediatric,SCMS from RDC,SKU0145,"Abacavir 20mg/ml, oral solution w/syringe, Bottle, 240 ml",Generic,240,36,301.68,8.38,0.03,"Aurobindo Unit III, India",22,892.96,0.31
84358,Rwanda,PMO - US,From RDC,N/A - From RDC,Truck,5-May-14,6-May-14,ARV,Adult,SCMS from RDC,SKU0054,"Lamivudine/Nevirapine/Zidovudine 150/200/300mg, tablets, 60 Tabs",Generic,60,15862,128640.82,8.11,0.14,"Aurobindo Unit III, India",1851,5445.73,159.13
84359,Rwanda,PMO - US,From RDC,N/A - From RDC,Truck,5-May-14,6-Jun-14,ARV,Adult,SCMS from RDC,SKU0113,"Efavirenz/Lamivudine/Tenofovir Disoproxil Fumarate 600/300/300mg, tablets, 30 Tabs",Generic,30,30205,325609.9,10.78,0.36,Mylan (formerly Matrix) Nashik,See DN-3642 (ID#:82668),See DN-3642 (ID#:82668),402.78
84360,Zambia,PMO - US,From RDC,N/A - From RDC,Truck,6-May-14,19-May-14,ARV,Adult,SCMS from RDC,SKU0107,"Lamivudine/Tenofovir Disoproxil Fumarate 300/300mg, tablets, 30 Tabs",Generic,30,27900,129456,4.64,0.15,Ranbaxy per Shasun Pharma Ltd,17018,19564.23,133.08
84361,"Congo, DRC",PMO - US,From RDC,N/A - From RDC,Air,15-Aug-14,15-Aug-14,ARV,Adult,SCMS from RDC,SKU0014,"Zidovudine 300mg, tablets, 60 Tabs",Generic,60,1000,5500,5.5,0.09,"Aurobindo Unit III, India",204,3298.78,5.65
84362,Côte d'Ivoire,PMO - US,From RDC,N/A - From RDC,Truck,21-Apr-14,1-May-14,ARV,Adult,SCMS from RDC,SKU0162,"Abacavir/Lamivudine 600/300mg, scored tablets, 30 Tabs",Generic,30,489,6611.28,13.52,0.45,Mylan (formerly Matrix) Nashik,See DN-3655 (ID#:83237),See DN-3655 (ID#:83237),6.8
84366,Mozambique,PMO - US,From RDC,N/A - From RDC,Truck,31-Jul-14,25-Jul-14,ARV,Adult,SCMS from RDC,SKU0054,"Lamivudine/Nevirapine/Zidovudine 150/200/300mg, tablets, 60 Tabs",Generic,60,74623,605192.53,8.11,0.14,"Cipla, Goa, India",10073,7048.57,622.14
84367,Rwanda,PMO - US,From RDC,N/A - From RDC,Truck,27-Jun-14,6-Jul-14,ARV,Adult,SCMS from RDC,SKU0107,"Lamivudine/Tenofovir Disoproxil Fumarate 300/300mg, tablets, 30 Tabs",Generic,30,53705,249191.2,4.64,0.15,Hetero Unit III Hyderabad IN,5565,34837.8,308.25
84368,Côte d'Ivoire,PMO - US,From RDC,N/A - From RDC,Truck,4-Jun-14,3-Jun-14,ARV,Pediatric,SCMS from RDC,SKU0117,"Zidovudine 10mg/ml, oral solution w/syringe, Bottle, 240 ml",Generic,240,6738,14149.8,2.1,0.01,"Aurobindo Unit III, India",2720,32022.51,14.55
84369,Tanzania,PMO - US,From RDC,N/A - From RDC,Truck,30-Jun-14,10-Jun-14,ARV,Adult,SCMS from RDC,SKU0105,"Emtricitabine/Tenofovir Disoproxil Fumarate 200/300mg, tablets, 30 Tabs",Generic,30,34733,199367.42,5.74,0.19,Mylan (formerly Matrix) Nashik,2746,5989.25,246.62
84370,Tanzania,PMO - US,From RDC,N/A - From RDC,Truck,30-Jun-14,6-Jun-14,ARV,Adult,SCMS from RDC,SKU0132,"Efavirenz/Emtricitabine/Tenofovir Disoproxil Fumarate 600/200/300mg, tablets, 30 Tabs",Generic,30,43479,516965.31,11.89,0.4,Mylan (formerly Matrix) Nashik,4874,12435.18,531.44
84371,Burundi,PMO - US,From RDC,N/A - From RDC,Air,30-May-14,25-Jun-14,ARV,Adult,SCMS from RDC,SKU0135,"Lopinavir/Ritonavir 200/50mg, tablets, 120 Tabs",Generic,120,200,4008,20.04,0.17,Mylan (formerly Matrix) Nashik,See DN-3712 (ID#:83795),See DN-3712 (ID#:83795),4.12
84372,Burundi,PMO - US,From RDC,N/A - From RDC,Air,16-Jun-14,4-Jun-14,ARV,Adult,SCMS from RDC,SKU0135,"Lopinavir/Ritonavir 200/50mg, tablets, 120 Tabs",Generic,120,112,2207.52,19.71,0.16,Mylan (formerly Matrix) Nashik,See DN-3739 (ID#:83804),See DN-3739 (ID#:83804),2.73
84373,Mozambique,PMO - US,From RDC,N/A - From RDC,Truck,31-Jul-14,25-Jul-14,ARV,Adult,SCMS from RDC,SKU0104,"Lamivudine/Stavudine 150/30mg, tablets, 60 Tabs",Generic,60,24768,61672.32,2.49,0.04,Hetero Unit III Hyderabad IN,20019,11701.65,63.4
84374,Tanzania,PMO - US,From RDC,N/A - From RDC,Air,31-Jul-14,25-Sep-14,ARV,Pediatric,SCMS from RDC,SKU0146,"Nevirapine 10mg/ml, oral suspension w/syringe, Bottle, 100 ml",Generic,100,43293,56280.9,1.3,0.01,"Aurobindo Unit III, India",See DN-3762 (ID#:82685),See DN-3762 (ID#:82685),69.62
84376,Zambia,PMO - US,From RDC,N/A - From RDC,Truck,29-Aug-14,23-Sep-14,ARV,Adult,SCMS from RDC,SKU0107,"Lamivudine/Tenofovir Disoproxil Fumarate 300/300mg, tablets, 30 Tabs",Generic,30,17801,82418.63,4.63,0.15,"Aurobindo Unit VII, IN",1667,1966.09,84.73
84380,Côte d'Ivoire,PMO - US,From RDC,N/A - From RDC,Truck,30-Sep-14,8-Sep-14,ARV,Pediatric,SCMS from RDC,SKU0124,"Lamivudine/Zidovudine 30/60mg, dispersible tablets, 60 Tabs",Generic,60,697,1387.03,1.99,0.03,"Cipla, Goa, India",47,270.74,1.43
84381,Zambia,PMO - US,From RDC,N/A - From RDC,Truck,4-Sep-14,23-Sep-14,ARV,Adult,SCMS from RDC,SKU0011,"Lamivudine/Zidovudine 150/300mg, tablets, 60 Tabs",Generic,60,35000,228200,6.52,0.11,Hetero Unit III Hyderabad IN,See DN-3877 (ID#:83254),See DN-3877 (ID#:83254),234.59
84382,Nigeria,PMO - US,From RDC,N/A - From RDC,Air Charter,30-Jun-14,20-Jun-14,ARV,Pediatric,SCMS from RDC,SKU0138,"Abacavir/Lamivudine 60/30mg, tablets, 60 Tabs",Generic,60,27137,110990.33,4.09,0.07,Mylan (formerly Matrix) Nashik,1169,28812.58,137.3
84384,Côte d'Ivoire,PMO - US,From RDC,N/A - From RDC,Truck,9-Jul-14,9-Jul-14,ARV,Adult,SCMS from RDC,SKU0152,"Abacavir/Lamivudine 600/300mg, tablets, 30 Tabs",Generic,30,71,959.92,13.52,0.45,"Cipla, Patalganga, India",7,22.29,0.99
84385,Côte d'Ivoire,PMO - US,From RDC,N/A - From RDC,Truck,15-Jul-14,9-Jul-14,ARV,Pediatric,SCMS from RDC,SKU0131,"Lamivudine/Zidovudine 30/60mg, tablets, 60 Tabs",Generic,60,7303,14532.97,1.99,0.03,Mylan (formerly Matrix) Nashik,277,2286.63,14.94
84386,Burundi,PMO - US,From RDC,N/A - From RDC,Air,31-Jul-14,25-Jul-14,ARV,Adult,SCMS from RDC,SKU0054,"Lamivudine/Nevirapine/Zidovudine 150/200/300mg, tablets, 60 Tabs",Generic,60,1056,8564.16,8.11,0.14,Hetero Unit III Hyderabad IN,155,994.25,8.8
84388,Rwanda,PMO - US,From RDC,N/A - From RDC,Truck,31-Dec-14,14-Aug-14,ARV,Pediatric,SCMS from RDC,SKU0145,"Abacavir 20mg/ml, oral solution w/syringe, Bottle, 240 ml",Generic,240,800,6800,8.5,0.04,"Aurobindo Unit III, India",297,2282.79,6.99
84389,Guyana,PMO - US,From RDC,N/A - From RDC,Air,30-Sep-14,29-Aug-14,ARV,Adult,SCMS from RDC,SKU0105,"Emtricitabine/Tenofovir Disoproxil Fumarate 200/300mg, tablets, 30 Tabs",Generic,30,2238,12846.12,5.74,0.19,"Aurobindo Unit III, India",See DN-3817 (ID#:83822),See DN-3817 (ID#:83822),13.21
84390,Zambia,PMO - US,From RDC,N/A - From RDC,Truck,14-Jul-14,3-Sep-14,ARV,Pediatric,SCMS from RDC,SKU0138,"Abacavir/Lamivudine 60/30mg, tablets, 60 Tabs",Generic,60,18027,73730.43,4.09,0.07,"Aurobindo Unit III, India",1228,1765.18,75.79
84391,Zimbabwe,PMO - US,From RDC,N/A - From RDC,Truck,30-Nov-14,29-Jun-14,ARV,Pediatric,SCMS from RDC,SKU0131,"Lamivudine/Zidovudine 30/60mg, tablets, 60 Tabs",Generic,60,23999,47758.01,1.99,0.03,Mylan (formerly Matrix) Nashik,1069,7500,49.1
84392,Zimbabwe,PMO - US,From RDC,N/A - From RDC,Truck,30-Sep-14,29-Jun-14,ARV,Adult,SCMS from RDC,SKU0107,"Lamivudine/Tenofovir Disoproxil Fumarate 300/300mg, tablets, 30 Tabs",Generic,30,140000,648200,4.63,0.15,Hetero Unit III Hyderabad IN,See DN-3825 (ID#:82702),See DN-3825 (ID#:82702),666.35
84394,"Congo, DRC",PMO - US,From RDC,N/A - From RDC,Air,24-Sep-14,28-Oct-14,ARV,Adult,SCMS from RDC,SKU0007,"Nevirapine 200mg, tablets, 60 Tabs",Generic,60,2725,5940.5,2.18,0.04,Hetero Unit III Hyderabad IN,See DN-3836 (ID#:83825),See DN-3836 (ID#:83825),6.11
84395,Uganda,PMO - US,From RDC,N/A - From RDC,Truck,31-Jul-14,15-Jul-14,ARV,Adult,SCMS from RDC,SKU0008,"Lopinavir/Ritonavir 200/50mg [Aluvia], tablets, 120 Tabs",Aluvia,120,3426,69273.72,20.22,0.17,ABBVIE Ludwigshafen Germany,698,2676,71.21
84396,Guyana,PMO - US,From RDC,N/A - From RDC,Air,30-Sep-14,30-Jul-14,ARV,Adult,SCMS from RDC,SKU0135,"Lopinavir/Ritonavir 200/50mg, tablets, 120 Tabs",Generic,120,1603,31595.13,19.71,0.16,Mylan (formerly Matrix) Nashik,See DN-3844 (ID#:82710),See DN-3844 (ID#:82710),32.48
84398,Mozambique,PMO - US,From RDC,N/A - From RDC,Truck,29-Aug-14,5-Nov-14,ARV,Adult,SCMS from RDC,SKU0104,"Lamivudine/Stavudine 150/30mg, tablets, 60 Tabs",Generic,60,5232,13027.68,2.49,0.04,"Strides, Bangalore, India.",See DN-3828 (ID#:82713),See DN-3828 (ID#:82713),13.39
84407,Zambia,PMO - US,From RDC,N/A - From RDC,Truck,31-Jul-14,23-Sep-14,ARV,Adult,SCMS from RDC,SKU0058,"Abacavir 300mg, tablets, 60 Tabs",Generic,60,5432,61001.36,11.23,0.19,Mylan (formerly Matrix) Nashik,506,635.95,62.71
84408,Zambia,PMO - US,From RDC,N/A - From RDC,Truck,29-Aug-14,23-Sep-14,ARV,Adult,SCMS from RDC,SKU0107,"Lamivudine/Tenofovir Disoproxil Fumarate 300/300mg, tablets, 30 Tabs",Generic,30,14055,65074.65,4.63,0.15,"Cipla, Kurkumbh, India",1406,1335.02,66.9
84409,Nigeria,PMO - US,From RDC,N/A - From RDC,Air Charter,30-Sep-14,3-Sep-14,ARV,Adult,SCMS from RDC,SKU0054,"Lamivudine/Nevirapine/Zidovudine 150/200/300mg, tablets, 60 Tabs",Generic,60,6,48.66,8.11,0.14,"Aurobindo Unit III, India",6589,26731,0.05
84410,Nigeria,PMO - US,From RDC,N/A - From RDC,Air Charter,30-Sep-14,3-Sep-14,ARV,Adult,SCMS from RDC,SKU0011,"Lamivudine/Zidovudine 150/300mg, tablets, 60 Tabs",Generic,60,105344,708965.12,6.73,0.11,"Aurobindo Unit III, India",10622,61850,728.82
84412,Zambia,PMO - US,From RDC,N/A - From RDC,Truck,31-Oct-14,10-Oct-14,ARV,Adult,SCMS from RDC,SKU0014,"Zidovudine 300mg, tablets, 60 Tabs",Generic,60,1240,6919.2,5.58,0.09,"Aurobindo Unit III, India",73,4937.65,7.11
84413,Mozambique,PMO - US,From RDC,N/A - From RDC,Truck,31-Dec-14,28-Oct-14,ARV,Adult,SCMS from RDC,SKU0029,"Tenofovir Disoproxil Fumarate 300mg, tablets, 30 Tabs",Generic,30,80,302.4,3.78,0.13,Hetero Unit III Hyderabad IN,See DN-3944 (ID#:82733),See DN-3944 (ID#:82733),0.31
84415,Rwanda,PMO - US,From RDC,N/A - From RDC,Air,15-Oct-14,14-Oct-14,ARV,Pediatric,SCMS from RDC,SKU0157,"Abacavir/Lamivudine 60/30mg, dispersible tablets, 60 Tabs",Generic,60,8953,45570.77,5.09,0.08,"Cipla, Patalganga, India",805,6220.48,46.85
84416,Zambia,PMO - US,From RDC,N/A - From RDC,Truck,31-Oct-14,2-Oct-14,ARV,Adult,SCMS from RDC,SKU0011,"Lamivudine/Zidovudine 150/300mg, tablets, 60 Tabs",Generic,60,79914,527432.4,6.6,0.11,"Aurobindo Unit III, India",7194,9410.57,542.2
84417,Zambia,PMO - US,From RDC,N/A - From RDC,Truck,31-Oct-14,2-Oct-14,ARV,Pediatric,SCMS from RDC,SKU0138,"Abacavir/Lamivudine 60/30mg, tablets, 60 Tabs",Generic,60,25000,100000,4,0.07,Mylan (formerly Matrix) Nashik,See DN-3951 (ID#:82735),See DN-3951 (ID#:82735),102.8
84418,Mozambique,PMO - US,From RDC,N/A - From RDC,Truck,31-Dec-14,1-Dec-14,ARV,Adult,SCMS from RDC,SKU0107,"Lamivudine/Tenofovir Disoproxil Fumarate 300/300mg, tablets, 30 Tabs",Generic,30,20673,95922.72,4.64,0.15,Hetero Unit III Hyderabad IN,See DN-3957 (ID#:83283),See DN-3957 (ID#:83283),98.61
84422,"Congo, DRC",PMO - US,From RDC,N/A - From RDC,Air,30-Jan-15,18-Feb-15,ARV,Pediatric,SCMS from RDC,SKU0124,"Lamivudine/Zidovudine 30/60mg, dispersible tablets, 60 Tabs",Generic,60,800,1592,1.99,0.03,"Cipla, Goa, India",See DN-3975 (ID#:82748),See DN-3975 (ID#:82748),1.64
84423,Nigeria,PMO - US,From RDC,N/A - From RDC,Air Charter,31-Oct-14,30-Oct-14,ARV,Adult,SCMS from RDC,SKU0011,"Lamivudine/Zidovudine 150/300mg, tablets, 60 Tabs",Generic,60,76832,500944.64,6.52,0.11,Mylan (formerly Matrix) Nashik,6780,14251,514.97
84424,Nigeria,PMO - US,From RDC,N/A - From RDC,Air Charter,28-Nov-14,30-Oct-14,ARV,Adult,SCMS from RDC,SKU0014,"Zidovudine 300mg, tablets, 60 Tabs",Generic,60,7526,41393,5.5,0.09,"Aurobindo Unit III, India",507,1263,42.55
84425,Burundi,PMO - US,From RDC,N/A - From RDC,Air,20-Nov-14,20-Nov-14,ARV,Adult,SCMS from RDC,SKU0113,"Efavirenz/Lamivudine/Tenofovir Disoproxil Fumarate 600/300/300mg, tablets, 30 Tabs",Generic,30,3240,33210,10.25,0.34,"Aurobindo Unit VII, IN",614,4373.84,34.14
84426,Rwanda,PMO - US,From RDC,N/A - From RDC,Truck,14-Jan-15,13-Nov-14,ARV,Pediatric,SCMS from RDC,SKU0124,"Lamivudine/Zidovudine 30/60mg, dispersible tablets, 60 Tabs",Generic,60,1766,3514.34,1.99,0.03,"Cipla, Goa, India",152,1330.99,3.61
84427,Rwanda,PMO - US,From RDC,N/A - From RDC,Truck,16-Feb-15,14-Jan-15,ARV,Adult,SCMS from RDC,SKU0007,"Nevirapine 200mg, tablets, 60 Tabs",Generic,60,21739,48043.19,2.21,0.04,"Aurobindo Unit III, India",See DN-4012 (ID#:82755),See DN-4012 (ID#:82755),49.39
84429,Uganda,PMO - US,From RDC,N/A - From RDC,Truck,15-Jan-15,17-Dec-14,ARV,Adult,SCMS from RDC,SKU0026,"Efavirenz 600mg, tablets, 30 Tabs",Generic,30,52500,168525,3.21,0.11,"Strides, Bangalore, India.",10119,6852.08,173.24
84430,Côte d'Ivoire,PMO - US,From RDC,N/A - From RDC,Truck,30-Jan-15,11-Feb-15,ARV,Adult,SCMS from RDC,SKU0135,"Lopinavir/Ritonavir 200/50mg, tablets, 120 Tabs",Generic,120,10275,213720,20.8,0.17,"Aurobindo Unit III, India",See DN-4024 (ID#:82756),See DN-4024 (ID#:82756),219.7
84432,Rwanda,PMO - US,From RDC,N/A - From RDC,Truck,14-Jan-15,24-Dec-14,ARV,Pediatric,SCMS from RDC,SKU0157,"Abacavir/Lamivudine 60/30mg, dispersible tablets, 60 Tabs",Generic,60,3238,16481.42,5.09,0.08,"Cipla, Patalganga, India",See DN-4040 (ID#:82758),See DN-4040 (ID#:82758),16.94
84433,Uganda,PMO - US,From RDC,N/A - From RDC,Truck,16-Feb-15,24-Jan-15,ARV,Pediatric,SCMS from RDC,SKU0138,"Abacavir/Lamivudine 60/30mg, tablets, 60 Tabs",Generic,60,2368,9685.12,4.09,0.07,"Aurobindo Unit III, India",See DN-4041 (ID#:83291),See DN-4041 (ID#:83291),9.96
84434,Rwanda,PMO - US,From RDC,N/A - From RDC,Air,27-Jan-15,9-Jan-15,ARV,Pediatric,SCMS from RDC,SKU0126,"Nevirapine 10mg/ml, oral suspension w/syringe, Bottle, 240 ml",Generic,240,10401,15705.51,1.51,0.01,"Aurobindo Unit III, India",3880,28001.97,16.15
84435,Rwanda,PMO - US,From RDC,N/A - From RDC,Truck,31-Jan-15,24-Dec-14,ARV,Pediatric,SCMS from RDC,SKU0140,"Lamivudine/Nevirapine/Zidovudine 30/50/60mg, dispersible tablets, 60 Tabs",Generic,60,2196,7905.6,3.6,0.06,"Cipla, Goa, India",192,2232.42,8.13
84437,Côte d'Ivoire,PMO - US,From RDC,N/A - From RDC,Truck,30-Jan-15,19-Jan-15,ARV,Adult,SCMS from RDC,SKU0113,"Efavirenz/Lamivudine/Tenofovir Disoproxil Fumarate 600/300/300mg, tablets, 30 Tabs",Generic,30,32884,320947.84,9.76,0.33,Hetero Unit III Hyderabad IN,4114,9264.13,329.93
84441,Haiti,PMO - US,From RDC,N/A - From RDC,Air,30-Jan-15,13-Feb-15,ARV,Adult,SCMS from RDC,SKU0008,"Lopinavir/Ritonavir 200/50mg [Aluvia], tablets, 120 Tabs",Aluvia,120,2000,37800,18.9,0.16,ABBVIE Ludwigshafen Germany,457,5413.7,44.49
84442,Mozambique,PMO - US,From RDC,N/A - From RDC,Truck,28-Feb-15,13-Mar-15,ARV,Adult,SCMS from RDC,SKU0113,"Efavirenz/Lamivudine/Tenofovir Disoproxil Fumarate 600/300/300mg, tablets, 30 Tabs",Generic,30,438409,4278871.84,9.76,0.33,"Aurobindo Unit VII, IN",See DN-4096 (ID#:83304),See DN-4096 (ID#:83304),4398.68
84443,Nigeria,PMO - US,From RDC,N/A - From RDC,Air Charter,30-Jan-15,14-Jan-15,ARV,Adult,SCMS from RDC,SKU0054,"Lamivudine/Nevirapine/Zidovudine 150/200/300mg, tablets, 60 Tabs",Generic,60,335999,2593912.28,7.72,0.13,Mylan (formerly Matrix) Nashik,47693,116593,2666.54
84444,Nigeria,PMO - US,From RDC,N/A - From RDC,Air Charter,30-Jan-15,14-Jan-15,ARV,Adult,SCMS from RDC,SKU0054,"Lamivudine/Nevirapine/Zidovudine 150/200/300mg, tablets, 60 Tabs",Generic,60,1,7.72,7.72,0.13,"Cipla, Goa, India",See DN-4098 (ID#:84443),See DN-4098 (ID#:84443),0.01
84445,Uganda,PMO - US,From RDC,N/A - From RDC,Air,17-Feb-15,9-Feb-15,ARV,Adult,SCMS from RDC,SKU0007,"Nevirapine 200mg, tablets, 60 Tabs",Generic,60,74896,163273.28,2.18,0.04,"Aurobindo Unit III, India",7183,41735,192.17
84446,Zambia,PMO - US,From RDC,N/A - From RDC,Truck,28-Feb-15,19-Feb-15,ARV,Pediatric,SCMS from RDC,SKU0124,"Lamivudine/Zidovudine 30/60mg, dispersible tablets, 60 Tabs",Generic,60,4000,7960,1.99,0.03,"Mylan,  H-12 & H-13, India",312,274.51,8.18
84447,Zambia,PMO - US,From RDC,N/A - From RDC,Truck,31-Mar-15,19-Feb-15,ARV,Adult,SCMS from RDC,SKU0026,"Efavirenz 600mg, tablets, 30 Tabs",Generic,30,65000,208650,3.21,0.11,"Micro labs, Verna, Goa, India",See DN-4111 (ID#:83882),See DN-4111 (ID#:83882),214.49
84448,Zimbabwe,PMO - US,From RDC,N/A - From RDC,Truck,6-Mar-15,6-Feb-15,ARV,Adult,SCMS from RDC,SKU0113,"Efavirenz/Lamivudine/Tenofovir Disoproxil Fumarate 600/300/300mg, tablets, 30 Tabs",Generic,30,400000,3904000,9.76,0.33,Hetero Unit III Hyderabad IN,75284,77960.08,4013.31
84449,Zambia,PMO - US,From RDC,N/A - From RDC,Truck,27-Feb-15,19-Feb-15,ARV,Adult,SCMS from RDC,SKU0011,"Lamivudine/Zidovudine 150/300mg, tablets, 60 Tabs",Generic,60,71377,465378.04,6.52,0.11,Hetero Unit III Hyderabad IN,11342,15715.08,478.41
84450,Côte d'Ivoire,PMO - US,From RDC,N/A - From RDC,Truck,27-Feb-15,11-Mar-15,ARV,Adult,SCMS from RDC,SKU0011,"Lamivudine/Zidovudine 150/300mg, tablets, 60 Tabs",Generic,60,5,32.6,6.52,0.11,"Aurobindo Unit III, India",1683,6443.5,0.03
84451,Rwanda,PMO - US,From RDC,N/A - From RDC,Air,10-Mar-15,27-Mar-15,ARV,Pediatric,SCMS from RDC,SKU0140,"Lamivudine/Nevirapine/Zidovudine 30/50/60mg, dispersible tablets, 60 Tabs",Generic,60,10000,36000,3.6,0.06,Mylan (formerly Matrix) Nashik,558,3989.81,42.37
84454,Zambia,PMO - US,From RDC,N/A - From RDC,Truck,27-Feb-15,25-Mar-15,ARV,Adult,SCMS from RDC,SKU0011,"Lamivudine/Zidovudine 150/300mg, tablets, 60 Tabs",Generic,60,54000,352080,6.52,0.11,"Hetero, Jadcherla, unit 5, IN",28276,46157.86,361.94
84455,Zimbabwe,PMO - US,From RDC,N/A - From RDC,Truck,30-Apr-15,17-Mar-15,ARV,Adult,SCMS from RDC,SKU0113,"Efavirenz/Lamivudine/Tenofovir Disoproxil Fumarate 600/300/300mg, tablets, 30 Tabs",Generic,30,94661,908745.6,9.6,0.32,Mylan (formerly Matrix) Nashik,See DN-4156 (ID#:83893),See DN-4156 (ID#:83893),1069.59
84456,Zimbabwe,PMO - US,From RDC,N/A - From RDC,Truck,31-Mar-15,17-Mar-15,ARV,Pediatric,SCMS from RDC,SKU0138,"Abacavir/Lamivudine 60/30mg, tablets, 60 Tabs",Generic,60,6180,24411,3.95,0.07,"Aurobindo Unit III, India",See DN-4159 (ID#:83316),See DN-4159 (ID#:83316),25.09
84460,Burundi,PMO - US,From RDC,N/A - From RDC,Air,29-May-15,25-Mar-15,ARV,Adult,SCMS from RDC,SKU0113,"Efavirenz/Lamivudine/Tenofovir Disoproxil Fumarate 600/300/300mg, tablets, 30 Tabs",Generic,30,7380,73726.2,9.99,0.33,Mylan (formerly Matrix) Nashik,1115,7006.47,86.78
84461,Nigeria,PMO - US,From RDC,N/A - From RDC,Air Charter,30-Apr-15,18-Mar-15,ARV,Adult,SCMS from RDC,SKU0113,"Efavirenz/Lamivudine/Tenofovir Disoproxil Fumarate 600/300/300mg, tablets, 30 Tabs",Generic,30,84991,815913.6,9.6,0.32,"Aurobindo Unit VII, IN",38799,65310.33,838.76
84465,Uganda,PMO - US,From RDC,N/A - From RDC,Truck,15-Jun-15,14-May-15,ARV,Pediatric,SCMS from RDC,SKU0124,"Lamivudine/Zidovudine 30/60mg, dispersible tablets, 60 Tabs",Generic,60,8193,15730.56,1.92,0.03,"Mylan,  H-12 & H-13, India",See DN-4218 (ID#:83326),See DN-4218 (ID#:83326),18.51
84466,Mozambique,PMO - US,From RDC,N/A - From RDC,Truck,30-Jun-15,9-Jun-15,ARV,Adult,SCMS from RDC,SKU0152,"Abacavir/Lamivudine 600/300mg, tablets, 30 Tabs",Generic,30,5000,67450,13.49,0.45,Mylan (formerly Matrix) Nashik,517,708.23,79.39
84467,Côte d'Ivoire,PMO - US,From RDC,N/A - From RDC,Truck,19-Jun-15,8-Jun-15,ARV,Adult,SCMS from RDC,SKU0054,"Lamivudine/Nevirapine/Zidovudine 150/200/300mg, tablets, 60 Tabs",Generic,60,1963,15154.36,7.72,0.13,Hetero Unit III Hyderabad IN,See DN-4255 (ID#:83911),See DN-4255 (ID#:83911),17.84
84468,Zambia,PMO - US,From RDC,N/A - From RDC,Truck,29-May-15,15-May-15,ARV,Adult,SCMS from RDC,SKU0113,"Efavirenz/Lamivudine/Tenofovir Disoproxil Fumarate 600/300/300mg, tablets, 30 Tabs",Generic,30,43000,412800,9.6,0.32,Hetero Unit III Hyderabad IN,68951,80039.1,424.36
84469,Nigeria,PMO - US,From RDC,N/A - From RDC,Air Charter,30-Jun-15,29-Apr-15,ARV,Adult,SCMS from RDC,SKU0113,"Efavirenz/Lamivudine/Tenofovir Disoproxil Fumarate 600/300/300mg, tablets, 30 Tabs",Generic,30,290000,2784000,9.6,0.32,Hetero Unit III Hyderabad IN,37449,69097.98,2861.95
84470,Mozambique,PMO - US,From RDC,N/A - From RDC,Truck,30-Jun-15,22-Jun-15,ARV,Adult,SCMS from RDC,SKU0107,"Lamivudine/Tenofovir Disoproxil Fumarate 300/300mg, tablets, 30 Tabs",Generic,30,5763,26625.06,4.62,0.15,Hetero Unit III Hyderabad IN,599,3610,31.34
84471,Nigeria,PMO - US,From RDC,N/A - From RDC,Air Charter,30-Jun-15,28-Apr-15,ARV,Adult,SCMS from RDC,SKU0008,"Lopinavir/Ritonavir 200/50mg [Aluvia], tablets, 120 Tabs",Aluvia,120,19100,360990,18.9,0.16,ABBVIE Ludwigshafen Germany,4710,8228.24,371.1
84472,Nigeria,PMO - US,From RDC,N/A - From RDC,Air Charter,30-Jun-15,15-May-15,ARV,Pediatric,SCMS from RDC,SKU0140,"Lamivudine/Nevirapine/Zidovudine 30/50/60mg, dispersible tablets, 60 Tabs",Generic,60,112000,403200,3.6,0.06,"Strides, Bangalore, India.",6295,16941,414.49
84473,Nigeria,PMO - US,From RDC,N/A - From RDC,Air Charter,30-Jun-15,15-May-15,ARV,Adult,SCMS from RDC,SKU0014,"Zidovudine 300mg, tablets, 60 Tabs",Generic,60,1220,6502.6,5.33,0.09,"Aurobindo Unit III, India",See DN-4278 (ID#:83338),See DN-4278 (ID#:83338),6.68
84474,Nigeria,PMO - US,From RDC,N/A - From RDC,Air Charter,30-Jun-15,15-May-15,ARV,Adult,SCMS from RDC,SKU0054,"Lamivudine/Nevirapine/Zidovudine 150/200/300mg, tablets, 60 Tabs",Generic,60,14000,108080,7.72,0.13,"Cipla, Goa, India",1983,4065,111.11
84475,"Congo, DRC",PMO - US,From RDC,N/A - From RDC,Air,8-Jul-15,7-Aug-15,ARV,Adult,SCMS from RDC,SKU0054,"Lamivudine/Nevirapine/Zidovudine 150/200/300mg, tablets, 60 Tabs",Generic,60,14329,110619.88,7.72,0.13,Hetero Unit III Hyderabad IN,See DN-4283 (ID#:83912),See DN-4283 (ID#:83912),130.2
84476,Nigeria,PMO - US,From RDC,N/A - From RDC,Air Charter,30-Jun-15,2-Jun-15,ARV,Adult,SCMS from RDC,SKU0054,"Lamivudine/Nevirapine/Zidovudine 150/200/300mg, tablets, 60 Tabs",Generic,60,46695,360485.4,7.72,0.13,"Hetero, Jadcherla, unit 5, IN",See DN-4290 (ID#:83340),See DN-4290 (ID#:83340),370.58
84477,Rwanda,PMO - US,From RDC,N/A - From RDC,Truck,30-Jun-15,17-Jun-15,ARV,Adult,SCMS from RDC,SKU0011,"Lamivudine/Zidovudine 150/300mg, tablets, 60 Tabs",Generic,60,34858,227274.16,6.52,0.11,Hetero Unit III Hyderabad IN,3094,Freight Included in Commodity Cost,267.5
84479,Côte d'Ivoire,PMO - US,From RDC,N/A - From RDC,Truck,31-Jul-15,6-Aug-15,ARV,Adult,SCMS from RDC,SKU0011,"Lamivudine/Zidovudine 150/300mg, tablets, 60 Tabs",Generic,60,18928,123410.56,6.52,0.11,"Aurobindo Unit III, India",See DN-4313 (ID#:83921),See DN-4313 (ID#:83921),145.25
84480,Zambia,PMO - US,From RDC,N/A - From RDC,Truck,31-Aug-15,25-Aug-15,ARV,Adult,SCMS from RDC,SKU0113,"Efavirenz/Lamivudine/Tenofovir Disoproxil Fumarate 600/300/300mg, tablets, 30 Tabs",Generic,30,51335,512836.65,9.99,0.33,"Aurobindo Unit VII, IN",85128,Freight Included in Commodity Cost,527.2
84481,Zambia,PMO - US,From RDC,N/A - From RDC,Truck,17-Aug-15,25-Aug-15,ARV,Adult,SCMS from RDC,SKU0058,"Abacavir 300mg, tablets, 60 Tabs",Generic,60,80901,897192.09,11.09,0.18,Mylan (formerly Matrix) Nashik,Weight Captured Separately,Freight Included in Commodity Cost,922.31
84497,Nigeria,PMO - US,From RDC,N/A - From RDC,Air Charter,30-Jul-09,4-Aug-09,ARV,Adult,SCMS from RDC,SKU0014,"Zidovudine 300mg, tablets, 60 Tabs",Generic,60,98,737.94,7.53,0.13,"Aurobindo Unit III, India",See DN-1311 (ID#:82837),See DN-1311 (ID#:82837),1.45
84498,Nigeria,PMO - US,From RDC,N/A - From RDC,Air,17-Sep-09,14-Sep-09,ARV,Adult,SCMS from RDC,SKU0011,"Lamivudine/Zidovudine 150/300mg, tablets, 60 Tabs",Generic,60,316,2768.16,8.76,0.15,"Aurobindo Unit III, India",See DN-1333 (ID#:82839),See DN-1333 (ID#:82839),5.43
84620,Zambia,PMO - US,From RDC,N/A - From RDC,Truck,11-Feb-11,15-Feb-11,ARV,Adult,SCMS from RDC,SKU0007,"Nevirapine 200mg, tablets, 60 Tabs",Generic,60,140000,351400,2.51,0.04,Hetero Unit III Hyderabad IN,8783,8045.77,757.62
84499,Nigeria,PMO - US,From RDC,N/A - From RDC,Air,17-Sep-09,14-Sep-09,ARV,Adult,SCMS from RDC,SKU0044,"Lamivudine/Nevirapine/Stavudine 150/200/30mg, tablets, 60 Tabs",Generic,60,45,315,7,0.12,"Strides, Bangalore, India.",See DN-1333 (ID#:82839),See DN-1333 (ID#:82839),0.62
84500,Nigeria,PMO - US,From RDC,N/A - From RDC,Air Charter,31-Aug-09,4-Aug-09,ARV,Pediatric,SCMS from RDC,SKU0066,"Efavirenz 200mg, capsule, 90 Caps",Generic,90,15,190.95,12.73,0.14,"Aurobindo Unit III, India",See DN-1360 (ID#:83371),See DN-1360 (ID#:83371),0.37
84501,Nigeria,PMO - US,From RDC,N/A - From RDC,Air Charter,15-Oct-09,20-Oct-09,ARV,Pediatric,SCMS from RDC,SKU0066,"Efavirenz 200mg, capsule, 90 Caps",Generic,90,200,2424,12.12,0.13,"Aurobindo Unit III, India",See DN-1456 (ID#:83952),See DN-1456 (ID#:83952),4.75
84502,Côte d'Ivoire,PMO - US,From RDC,N/A - From RDC,Air,23-Oct-09,16-Oct-09,ARV,Adult,SCMS from RDC,SKU0007,"Nevirapine 200mg, tablets, 60 Tabs",Generic,60,7400,21460,2.9,0.05,"Aurobindo Unit III, India",714,2336.26,42.06
84503,Uganda,PMO - US,From RDC,N/A - From RDC,Air,20-Nov-09,10-Nov-09,ARV,Adult,SCMS from RDC,SKU0011,"Lamivudine/Zidovudine 150/300mg, tablets, 60 Tabs",Generic,60,300,2628,8.76,0.15,"Aurobindo Unit III, India",See DN-1506 (ID#:83375),See DN-1506 (ID#:83375),5.15
84504,Guyana,PMO - US,From RDC,N/A - From RDC,Air,23-Nov-09,3-Nov-09,ARV,Adult,SCMS from RDC,SKU0026,"Efavirenz 600mg, tablets, 30 Tabs",Generic,30,4737,27379.86,5.78,0.19,"Aurobindo Unit III, India",427,6061.01,59.03
84505,Guyana,PMO - US,From RDC,N/A - From RDC,Air,23-Nov-09,3-Nov-09,ARV,Adult,SCMS from RDC,SKU0003,"Lamivudine 150mg, tablets, 60 Tabs",Generic,60,455,1110.2,2.44,0.04,"Aurobindo Unit III, India",See DN-1505 (ID#:84504),See DN-1505 (ID#:84504),2.39
84506,Côte d'Ivoire,PMO - US,From RDC,N/A - From RDC,Air,1-Dec-09,5-Nov-09,ARV,Adult,SCMS from RDC,SKU0044,"Lamivudine/Nevirapine/Stavudine 150/200/30mg, tablets, 60 Tabs",Generic,60,19937,139559,7,0.12,"Strides, Bangalore, India.",5340,5028.04,273.54
84507,Nigeria,PMO - US,From RDC,N/A - From RDC,Air Charter,18-Dec-09,18-Dec-09,ARV,Adult,SCMS from RDC,SKU0026,"Efavirenz 600mg, tablets, 30 Tabs",Generic,30,77386,447291.08,5.78,0.19,"Aurobindo Unit III, India",See DN-1519 (ID#:82276),See DN-1519 (ID#:82276),876.69
84508,Uganda,PMO - US,From RDC,N/A - From RDC,Air,27-Nov-09,2-Dec-09,ARV,Adult,SCMS from RDC,SKU0007,"Nevirapine 200mg, tablets, 60 Tabs",Generic,60,10453,30313.7,2.9,0.05,"Aurobindo Unit III, India",1001,3228.26,59.41
84509,Haiti,PMO - US,From RDC,N/A - From RDC,Air,30-Nov-09,30-Nov-09,ARV,Adult,SCMS from RDC,SKU0041,"Stavudine 15mg, capsules, 60 Caps",Generic,60,108,162,1.5,0.02,"Aurobindo Unit III, India",See DN-1530 (ID#:83964),See DN-1530 (ID#:83964),0.35
84510,Côte d'Ivoire,PMO - US,From RDC,N/A - From RDC,Air,4-Dec-09,2-Dec-09,ARV,Adult,SCMS from RDC,SKU0003,"Lamivudine 150mg, tablets, 60 Tabs",Generic,60,1833,4472.52,2.44,0.04,"Aurobindo Unit III, India",88,1211.48,8.77
84511,Côte d'Ivoire,PMO - US,From RDC,N/A - From RDC,Air,4-Dec-09,2-Dec-09,ARV,Pediatric,SCMS from RDC,SKU0065,"Zidovudine 100mg, capsules, 100 Caps",Generic,100,284,1420,5,0.05,"Aurobindo Unit III, India",22,1211.49,2.78
84512,Uganda,PMO - US,From RDC,N/A - From RDC,Air,7-Dec-09,2-Dec-09,ARV,Adult,SCMS from RDC,SKU0007,"Nevirapine 200mg, tablets, 60 Tabs",Generic,60,1300,3770,2.9,0.05,"Aurobindo Unit III, India",125,2697.65,7.39
84513,Côte d'Ivoire,PMO - US,From RDC,N/A - From RDC,Air,10-Dec-09,2-Dec-09,ARV,Adult,SCMS from RDC,SKU0026,"Efavirenz 600mg, tablets, 30 Tabs",Generic,30,8660,50054.8,5.78,0.19,"Aurobindo Unit III, India",742,1211.49,98.11
84514,Zimbabwe,PMO - US,From RDC,N/A - From RDC,Truck,18-Dec-09,7-Dec-09,ARV,Adult,SCMS from RDC,SKU0044,"Lamivudine/Nevirapine/Stavudine 150/200/30mg, tablets, 60 Tabs",Generic,60,76000,506160,6.66,0.11,"Cipla, Goa, India",8280,15328.58,992.07
84515,Nigeria,PMO - US,From RDC,N/A - From RDC,Air Charter,18-Dec-09,18-Dec-09,ARV,Adult,SCMS from RDC,SKU0054,"Lamivudine/Nevirapine/Zidovudine 150/200/300mg, tablets, 60 Tabs",Generic,60,11242,127596.7,11.35,0.19,"Aurobindo Unit III, India",1261,11637.64,250.09
84516,Haiti,PMO - US,From RDC,N/A - From RDC,Air,9-Dec-09,1-Dec-09,ARV,Adult,SCMS from RDC,SKU0059,"Stavudine 20mg, capsules, 60 Caps",Generic,60,252,420.84,1.67,0.03,"Aurobindo Unit III, India",See DN-1559 (ID#:82849),See DN-1559 (ID#:82849),0.91
84517,Haiti,PMO - US,From RDC,N/A - From RDC,Air,9-Dec-09,1-Dec-09,ARV,Adult,SCMS from RDC,SKU0059,"Stavudine 20mg, capsules, 60 Caps",Generic,60,230,384.1,1.67,0.03,"Aurobindo Unit III, India",See DN-1559 (ID#:82849),See DN-1559 (ID#:82849),0.83
84518,Nigeria,PMO - US,From RDC,N/A - From RDC,Air Charter,18-Dec-09,18-Dec-09,ARV,Adult,SCMS from RDC,SKU0105,"Emtricitabine/Tenofovir Disoproxil Fumarate 200/300mg, tablets, 30 Tabs",Generic,30,63732,748851,11.75,0.39,Mylan (formerly Matrix) Nashik,5144,11637.64,1467.75
84519,Nigeria,PMO - US,From RDC,N/A - From RDC,Air Charter,18-Dec-09,18-Dec-09,ARV,Adult,SCMS from RDC,SKU0107,"Lamivudine/Tenofovir Disoproxil Fumarate 300/300mg, tablets, 30 Tabs",Generic,30,50040,500400,10,0.33,Mylan (formerly Matrix) Nashik,4161,11637.64,980.78
84520,Haiti,PMO - US,From RDC,N/A - From RDC,Air,9-Dec-09,5-Dec-09,ARV,Adult,SCMS from RDC,SKU0058,"Abacavir 300mg, tablets, 60 Tabs",Generic,60,315,6747.3,21.42,0.36,"Aurobindo Unit III, India",1045,750.9,14.55
84521,Zambia,PMO - US,From RDC,N/A - From RDC,Truck,15-Jan-10,8-Dec-09,ARV,Adult,SCMS from RDC,SKU0011,"Lamivudine/Zidovudine 150/300mg, tablets, 60 Tabs",Generic,60,36760,322017.6,8.76,0.15,"Aurobindo Unit III, India",3294,9942.26,631.15
84522,Zambia,PMO - US,From RDC,N/A - From RDC,Truck,15-Jan-10,14-Dec-09,ARV,Adult,SCMS from RDC,SKU0007,"Nevirapine 200mg, tablets, 60 Tabs",Generic,60,80000,232000,2.9,0.05,"Cipla, Goa, India",8756,13844.72,454.72
84523,Haiti,PMO - US,From RDC,N/A - From RDC,Air,18-Jan-10,27-Jan-10,ARV,Adult,SCMS from RDC,SKU0014,"Zidovudine 300mg, tablets, 60 Tabs",Generic,60,120,903.6,7.53,0.13,"Aurobindo Unit III, India",See DN-1609 (ID#:82286),See DN-1609 (ID#:82286),1.95
84524,Guyana,PMO - US,From RDC,N/A - From RDC,Air,26-Feb-10,9-Feb-10,ARV,Adult,SCMS from RDC,SKU0007,"Nevirapine 200mg, tablets, 60 Tabs",Generic,60,2475,6756.75,2.73,0.05,"Aurobindo Unit III, India",347,4293.82,14.57
84525,Guyana,PMO - US,From RDC,N/A - From RDC,Air,26-Feb-10,9-Feb-10,ARV,Adult,SCMS from RDC,SKU0014,"Zidovudine 300mg, tablets, 60 Tabs",Generic,60,1063,8004.39,7.53,0.13,"Aurobindo Unit III, India",See DN-1637 (ID#:84524),See DN-1637 (ID#:84524),17.26
84526,Uganda,PMO - US,From RDC,N/A - From RDC,Truck,25-Feb-10,18-Feb-10,ARV,Adult,SCMS from RDC,SKU0054,"Lamivudine/Nevirapine/Zidovudine 150/200/300mg, tablets, 60 Tabs",Generic,60,29,325.38,11.22,0.19,"Aurobindo Unit III, India",5134,9348,0.64
84527,Côte d'Ivoire,PMO - US,From RDC,N/A - From RDC,Air,9-Mar-10,2-Mar-10,ARV,Adult,SCMS from RDC,SKU0053,"Emtricitabine/Tenofovir Disoproxil Fumarate 200/300mg [Truvada], tablets, 30 Tabs",Truvada,30,3120,81900,26.25,0.88,"Aspen-OSD, Port Elizabeth, SA",275,1949.42,176.58
84528,Côte d'Ivoire,PMO - US,From RDC,N/A - From RDC,Air,9-Mar-10,1-Mar-10,ARV,Pediatric,SCMS from RDC,SKU0065,"Zidovudine 100mg, capsules, 100 Caps",Generic,100,2152,10760,5,0.05,"Aurobindo Unit III, India",See DN-1662 (ID#:83981),See DN-1662 (ID#:83981),21.09
84529,Haiti,PMO - US,From RDC,N/A - From RDC,Air,24-Mar-10,3-Mar-10,ARV,Pediatric,SCMS from RDC,SKU0001,"Nevirapine 10mg/ml, oral suspension, Bottle, 240 ml",Generic,240,1069,2052.48,1.92,0.01,"Aurobindo Unit III, India",396,6036.96,4.43
84530,Côte d'Ivoire,PMO - US,From RDC,N/A - From RDC,Air,9-Mar-10,1-Mar-10,ARV,Pediatric,SCMS from RDC,SKU0049,"Efavirenz 50mg, capsule, 30 Caps",Generic,30,1596,3575.04,2.24,0.07,"Aurobindo Unit III, India",See DN-1662 (ID#:83981),See DN-1662 (ID#:83981),7.01
84531,Côte d'Ivoire,PMO - US,From RDC,N/A - From RDC,Air,9-Mar-10,1-Mar-10,ARV,Adult,SCMS from RDC,SKU0011,"Lamivudine/Zidovudine 150/300mg, tablets, 60 Tabs",Generic,60,6584,57675.84,8.76,0.15,Mylan (formerly Matrix) Nashik,See DN-1662 (ID#:83981),See DN-1662 (ID#:83981),113.04
84532,Côte d'Ivoire,PMO - US,From RDC,N/A - From RDC,Air,9-Mar-10,1-Mar-10,ARV,Pediatric,SCMS from RDC,SKU0001,"Nevirapine 10mg/ml, oral suspension, Bottle, 240 ml",Generic,240,1431,2747.52,1.92,0.01,"Aurobindo Unit III, India",See DN-1662 (ID#:83981),See DN-1662 (ID#:83981),5.39
84533,Haiti,PMO - US,From RDC,N/A - From RDC,Air,10-Mar-10,3-Mar-10,ARV,Pediatric,SCMS from RDC,SKU0071,"Abacavir 20mg/ml, oral solution, Bottle, 240 ml",Generic,240,288,3916.8,13.6,0.06,"Aurobindo Unit III, India",See DN-1667 (ID#:82861),See DN-1667 (ID#:82861),8.44
84534,Haiti,PMO - US,From RDC,N/A - From RDC,Air,7-Apr-10,3-Mar-10,ARV,Adult,SCMS from RDC,SKU0004,"Stavudine 30mg, capsules, 60 Caps",Generic,60,7056,10301.76,1.46,0.02,"Strides, Bangalore, India.",See DN-1668 (ID#:83403),See DN-1668 (ID#:83403),22.21
84535,Côte d'Ivoire,PMO - US,From RDC,N/A - From RDC,Air,16-Mar-10,10-Mar-10,ARV,Pediatric,SCMS from RDC,SKU0048,"Lamivudine 10mg/ml, oral solution, Bottle, 240 ml",Generic,240,2345,4455.5,1.9,0.01,"Cipla, Goa, India",See DN-1670 (ID#:82862),See DN-1670 (ID#:82862),8.73
84536,Haiti,PMO - US,From RDC,N/A - From RDC,Air,16-Mar-10,15-Mar-10,ARV,Pediatric,SCMS from RDC,SKU0048,"Lamivudine 10mg/ml, oral solution, Bottle, 240 ml",Generic,240,1628,3093.2,1.9,0.01,"Cipla, Goa, India",622,13122.39,6.67
84537,Nigeria,PMO - US,From RDC,N/A - From RDC,Air Charter,19-Apr-10,31-Mar-10,ARV,Adult,SCMS from RDC,SKU0105,"Emtricitabine/Tenofovir Disoproxil Fumarate 200/300mg, tablets, 30 Tabs",Generic,30,578,6791.5,11.75,0.39,Mylan (formerly Matrix) Nashik,47,Freight Included in Commodity Cost,14.64
84538,Nigeria,PMO - US,From RDC,N/A - From RDC,Air Charter,19-Apr-10,31-Mar-10,ARV,Adult,SCMS from RDC,SKU0044,"Lamivudine/Nevirapine/Stavudine 150/200/30mg, tablets, 60 Tabs",Generic,60,1500,9165,6.11,0.1,"Strides, Bangalore, India.",113,Freight Included in Commodity Cost,19.76
84539,Nigeria,PMO - US,From RDC,N/A - From RDC,Air Charter,19-Apr-10,31-Mar-10,ARV,Adult,SCMS from RDC,SKU0044,"Lamivudine/Nevirapine/Stavudine 150/200/30mg, tablets, 60 Tabs",Generic,60,20,122.2,6.11,0.1,"Strides, Bangalore, India.",2,Freight Included in Commodity Cost,0.26
84540,Nigeria,PMO - US,From RDC,N/A - From RDC,Air Charter,19-Apr-10,18-May-10,ARV,Adult,SCMS from RDC,SKU0054,"Lamivudine/Nevirapine/Zidovudine 150/200/300mg, tablets, 60 Tabs",Generic,60,20000,224400,11.22,0.19,"Aurobindo Unit III, India",2347,9736.1,483.81
84542,Nigeria,PMO - US,From RDC,N/A - From RDC,Air Charter,19-Apr-10,30-Mar-10,ARV,Adult,SCMS from RDC,SKU0014,"Zidovudine 300mg, tablets, 60 Tabs",Generic,60,270,2025,7.5,0.12,Mylan (formerly Matrix) Nashik,15,Freight Included in Commodity Cost,4.37
84543,Uganda,PMO - US,From RDC,N/A - From RDC,Truck,30-Apr-10,25-Mar-10,ARV,Adult,SCMS from RDC,SKU0026,"Efavirenz 600mg, tablets, 30 Tabs",Generic,30,4200,21546,5.13,0.17,Mylan (formerly Matrix) Nashik,238,2021.53,46.45
84544,Uganda,PMO - US,From RDC,N/A - From RDC,Truck,1-Apr-10,25-Mar-10,ARV,Adult,SCMS from RDC,SKU0054,"Lamivudine/Nevirapine/Zidovudine 150/200/300mg, tablets, 60 Tabs",Generic,60,20000,224400,11.22,0.19,"Aurobindo Unit III, India",2356,16682.66,483.81
84545,Uganda,PMO - US,From RDC,N/A - From RDC,Truck,7-Apr-10,25-Mar-10,ARV,Adult,SCMS from RDC,SKU0026,"Efavirenz 600mg, tablets, 30 Tabs",Generic,30,4500,24075,5.35,0.18,Mylan (formerly Matrix) Nashik,350,1854,51.91
84546,Uganda,PMO - US,From RDC,N/A - From RDC,Truck,28-Apr-10,25-Mar-10,ARV,Adult,SCMS from RDC,SKU0054,"Lamivudine/Nevirapine/Zidovudine 150/200/300mg, tablets, 60 Tabs",Generic,60,3000,33660,11.22,0.19,"Aurobindo Unit III, India",359,3302.05,72.57
84547,Uganda,PMO - US,From RDC,N/A - From RDC,Air,26-May-10,8-Apr-10,ARV,Adult,SCMS from RDC,SKU0014,"Zidovudine 300mg, tablets, 60 Tabs",Generic,60,50,375,7.5,0.12,"Aurobindo Unit III, India",See DN-1760 (ID#:82876),See DN-1760 (ID#:82876),0.81
84548,Uganda,PMO - US,From RDC,N/A - From RDC,Air,26-May-10,12-Apr-10,ARV,Adult,SCMS from RDC,SKU0026,"Efavirenz 600mg, tablets, 30 Tabs",Generic,30,5000,25650,5.13,0.17,Mylan (formerly Matrix) Nashik,See DN-1765 (ID#:82877),See DN-1765 (ID#:82877),55.3
84549,Tanzania,PMO - US,From RDC,N/A - From RDC,Air,21-Jul-10,31-Mar-10,ARV,Adult,SCMS from RDC,SKU0007,"Nevirapine 200mg, tablets, 60 Tabs",Generic,60,4800,13104,2.73,0.05,"Aurobindo Unit III, India",460,Freight Included in Commodity Cost,28.25
84550,Zambia,PMO - US,From RDC,N/A - From RDC,Truck,30-Apr-10,16-Apr-10,ARV,Adult,SCMS from RDC,SKU0058,"Abacavir 300mg, tablets, 60 Tabs",Generic,60,2600,54574,20.99,0.35,Mylan (formerly Matrix) Nashik,8819,8022.59,106.97
84551,Nigeria,PMO - US,From RDC,N/A - From RDC,Air Charter,31-May-10,18-May-10,ARV,Adult,SCMS from RDC,SKU0170,"Lamivudine/Zidovudine+Efavirenz 150/300mg+600mg, tablets, co-blister 60+30 Tabs",Generic,90,309,8497.5,27.5,0.31,"Aurobindo Unit III, India",51,9736.1,18.32
84552,Nigeria,PMO - US,From RDC,N/A - From RDC,Air Charter,31-May-10,18-May-10,ARV,Adult,SCMS from RDC,SKU0026,"Efavirenz 600mg, tablets, 30 Tabs",Generic,30,7118,33810.5,4.75,0.16,"Aurobindo Unit III, India",628,9736.1,72.9
84553,Nigeria,PMO - US,From RDC,N/A - From RDC,Air Charter,31-May-10,18-May-10,ARV,Adult,SCMS from RDC,SKU0014,"Zidovudine 300mg, tablets, 60 Tabs",Generic,60,10076,75872.28,7.53,0.13,"Aurobindo Unit III, India",553,9736.1,163.58
84554,Nigeria,PMO - US,From RDC,N/A - From RDC,Air Charter,31-May-10,18-May-10,ARV,Adult,SCMS from RDC,SKU0054,"Lamivudine/Nevirapine/Zidovudine 150/200/300mg, tablets, 60 Tabs",Generic,60,40000,448800,11.22,0.19,"Aurobindo Unit III, India",4693,9736.1,967.61
84555,Uganda,PMO - US,From RDC,N/A - From RDC,Air,7-May-10,19-May-10,ARV,Adult,SCMS from RDC,SKU0044,"Lamivudine/Nevirapine/Stavudine 150/200/30mg, tablets, 60 Tabs",Generic,60,200,1170,5.85,0.1,"Cipla, Goa, India",21,1000.05,2.52
84556,Uganda,PMO - US,From RDC,N/A - From RDC,Air,3-May-10,3-May-10,ARV,Adult,SCMS from RDC,SKU0026,"Efavirenz 600mg, tablets, 30 Tabs",Generic,30,1621,7699.75,4.75,0.16,Mylan (formerly Matrix) Nashik,See DN-1801 (ID#:83423),See DN-1801 (ID#:83423),16.6
84557,Nigeria,PMO - US,From RDC,N/A - From RDC,Air Charter,31-May-10,18-May-10,ARV,Adult,SCMS from RDC,SKU0007,"Nevirapine 200mg, tablets, 60 Tabs",Generic,60,15299,40695.34,2.66,0.04,"Aurobindo Unit III, India",1792,9736.1,87.74
84558,Nigeria,PMO - US,From RDC,N/A - From RDC,Air Charter,31-May-10,18-May-10,ARV,Adult,SCMS from RDC,SKU0011,"Lamivudine/Zidovudine 150/300mg, tablets, 60 Tabs",Generic,60,488,4274.88,8.76,0.15,Mylan (formerly Matrix) Nashik,39,9736.1,9.22
84559,Uganda,PMO - US,From RDC,N/A - From RDC,Air,9-Jul-10,3-May-10,ARV,Adult,SCMS from RDC,SKU0011,"Lamivudine/Zidovudine 150/300mg, tablets, 60 Tabs",Generic,60,3600,31536,8.76,0.15,Hetero Unit III Hyderabad IN,238,3299.67,67.99
84560,Côte d'Ivoire,PMO - US,From RDC,N/A - From RDC,Air,10-May-10,7-May-10,ARV,Adult,SCMS from RDC,SKU0026,"Efavirenz 600mg, tablets, 30 Tabs",Generic,30,45108,214263,4.75,0.16,"Aurobindo Unit III, India",9863,19150.15,461.95
84561,Côte d'Ivoire,PMO - US,From RDC,N/A - From RDC,Air,10-May-10,7-May-10,ARV,Adult,SCMS from RDC,SKU0003,"Lamivudine 150mg, tablets, 60 Tabs",Generic,60,5664,13820.16,2.44,0.04,"Aurobindo Unit III, India",See DN-1799 (ID#:84560),See DN-1799 (ID#:84560),29.8
84562,Côte d'Ivoire,PMO - US,From RDC,N/A - From RDC,Air,31-May-10,20-May-10,ARV,Pediatric,SCMS from RDC,SKU0076,"Stavudine 1mg/ml, powder for oral solution, 200 ml",Generic,200,4550,6370,1.4,0.01,"Aurobindo Unit III, India",See DN-1825 (ID#:82884),See DN-1825 (ID#:82884),13.73
84563,Zimbabwe,PMO - US,From RDC,N/A - From RDC,Truck,31-May-10,31-May-10,ARV,Adult,SCMS from RDC,SKU0044,"Lamivudine/Nevirapine/Stavudine 150/200/30mg, tablets, 60 Tabs",Generic,60,112100,655785,5.85,0.1,"Cipla, Goa, India",See DN-1829 (ID#:82320),See DN-1829 (ID#:82320),1413.87
84564,Zimbabwe,PMO - US,From RDC,N/A - From RDC,Air,28-May-10,31-May-10,ARV,Adult,SCMS from RDC,SKU0044,"Lamivudine/Nevirapine/Stavudine 150/200/30mg, tablets, 60 Tabs",Generic,60,47390,277231.5,5.85,0.1,"Cipla, Goa, India",7112,3833.17,543.37
84565,Haiti,PMO - US,From RDC,N/A - From RDC,Air,19-May-10,19-May-10,ARV,Adult,SCMS from RDC,SKU0026,"Efavirenz 600mg, tablets, 30 Tabs",Generic,30,34080,161880,4.75,0.16,"Aurobindo Unit III, India",3318,23890.83,349.01
84566,Haiti,PMO - US,From RDC,N/A - From RDC,Air,31-May-10,1-Jun-10,ARV,Adult,SCMS from RDC,SKU0011,"Lamivudine/Zidovudine 150/300mg, tablets, 60 Tabs",Generic,60,14875,130305,8.76,0.15,Mylan (formerly Matrix) Nashik,See DN-1837 (ID#:83429),See DN-1837 (ID#:83429),280.94
84567,Uganda,PMO - US,From RDC,N/A - From RDC,Air,26-May-10,27-May-10,ARV,Adult,SCMS from RDC,SKU0054,"Lamivudine/Nevirapine/Zidovudine 150/200/300mg, tablets, 60 Tabs",Generic,60,20000,224400,11.22,0.19,Mylan (formerly Matrix) Nashik,2560,20654.81,483.81
84568,Haiti,PMO - US,From RDC,N/A - From RDC,Air,2-Jun-10,9-Jun-10,ARV,Adult,SCMS from RDC,SKU0059,"Stavudine 20mg, capsules, 60 Caps",Generic,60,168,240.24,1.43,0.02,"Aurobindo Unit III, India",See DN-1842 (ID#:84007),See DN-1842 (ID#:84007),0.52
84569,Uganda,PMO - US,From RDC,N/A - From RDC,Air,30-Jun-10,22-Jun-10,ARV,Adult,SCMS from RDC,SKU0011,"Lamivudine/Zidovudine 150/300mg, tablets, 60 Tabs",Generic,60,700,6132,8.76,0.15,Hetero Unit III Hyderabad IN,See DN-1856 (ID#:82891),See DN-1856 (ID#:82891),13.22
84570,Uganda,PMO - US,From RDC,N/A - From RDC,Air,30-Jun-10,22-Jun-10,ARV,Adult,SCMS from RDC,SKU0026,"Efavirenz 600mg, tablets, 30 Tabs",Generic,30,17550,83362.5,4.75,0.16,Mylan (formerly Matrix) Nashik,1325,4600.45,179.73
84571,Côte d'Ivoire,PMO - US,From RDC,N/A - From RDC,Air,30-Jun-10,21-Jun-10,ARV,Pediatric,SCMS from RDC,SKU0049,"Efavirenz 50mg, capsule, 30 Caps",Generic,30,1596,3575.04,2.24,0.07,"Aurobindo Unit III, India",See DN-1868 (ID#:83435),See DN-1868 (ID#:83435),7.71
84572,Côte d'Ivoire,PMO - US,From RDC,N/A - From RDC,Air,9-Jul-10,5-Jul-10,ARV,Adult,SCMS from RDC,SKU0003,"Lamivudine 150mg, tablets, 60 Tabs",Generic,60,10980,26791.2,2.44,0.04,"Aurobindo Unit III, India",698,5121.68,57.76
84573,Nigeria,PMO - US,From RDC,N/A - From RDC,Air,15-Jul-10,28-Jun-10,ARV,Adult,SCMS from RDC,SKU0054,"Lamivudine/Nevirapine/Zidovudine 150/200/300mg, tablets, 60 Tabs",Generic,60,1000,11220,11.22,0.19,"Aurobindo Unit III, India",117,Freight Included in Commodity Cost,24.19
84574,Nigeria,PMO - US,From RDC,N/A - From RDC,Air,15-Jul-10,28-Jun-10,ARV,Adult,SCMS from RDC,SKU0026,"Efavirenz 600mg, tablets, 30 Tabs",Generic,30,200,920,4.6,0.15,"Aurobindo Unit III, India",17,Freight Included in Commodity Cost,1.98
84575,Nigeria,PMO - US,From RDC,N/A - From RDC,Air,15-Jul-10,28-Jun-10,ARV,Adult,SCMS from RDC,SKU0026,"Efavirenz 600mg, tablets, 30 Tabs",Generic,30,188,864.8,4.6,0.15,"Aurobindo Unit III, India",16,Freight Included in Commodity Cost,1.86
84576,Nigeria,PMO - US,From RDC,N/A - From RDC,Air,15-Jul-10,28-Jun-10,ARV,Adult,SCMS from RDC,SKU0170,"Lamivudine/Zidovudine+Efavirenz 150/300mg+600mg, tablets, co-blister 60+30 Tabs",Generic,90,87,1827,21,0.23,"Aurobindo Unit III, India",42,Freight Included in Commodity Cost,3.94
84577,Nigeria,PMO - US,From RDC,N/A - From RDC,Air,21-Jul-10,28-Jun-10,ARV,Adult,SCMS from RDC,SKU0011,"Lamivudine/Zidovudine 150/300mg, tablets, 60 Tabs",Generic,60,53086,465033.36,8.76,0.15,Hetero Unit III Hyderabad IN,Weight Captured Separately,Freight Included in Commodity Cost,1002.61
84578,Nigeria,PMO - US,From RDC,N/A - From RDC,Air,15-Jul-10,28-Jun-10,ARV,Adult,SCMS from RDC,SKU0132,"Efavirenz/Emtricitabine/Tenofovir Disoproxil Fumarate 600/200/300mg, tablets, 30 Tabs",Generic,30,58500,1165320,19.92,0.66,Mylan (formerly Matrix) Nashik,6433,Freight Included in Commodity Cost,2512.43
84579,Haiti,PMO - US,From RDC,N/A - From RDC,Air,1-Aug-10,21-Jul-10,ARV,Adult,SCMS from RDC,SKU0011,"Lamivudine/Zidovudine 150/300mg, tablets, 60 Tabs",Generic,60,31836,278883.36,8.76,0.15,Mylan (formerly Matrix) Nashik,2565,25670.1,601.27
84580,Mozambique,PMO - US,From RDC,N/A - From RDC,Truck,31-Aug-10,18-Aug-10,ARV,Adult,SCMS from RDC,SKU0044,"Lamivudine/Nevirapine/Stavudine 150/200/30mg, tablets, 60 Tabs",Generic,60,30630,175509.9,5.73,0.1,"Cipla, Goa, India",See DN-1962 (ID#:83448),See DN-1962 (ID#:83448),378.4
84581,Haiti,PMO - US,From RDC,N/A - From RDC,Air,10-Aug-10,23-Aug-10,ARV,Pediatric,SCMS from RDC,SKU0048,"Lamivudine 10mg/ml, oral solution, Bottle, 240 ml",Generic,240,3840,7411.2,1.93,0.01,"Cipla, Goa, India",See DN-1964 (ID#:82908),See DN-1964 (ID#:82908),15.98
84582,Nigeria,PMO - US,From RDC,N/A - From RDC,Air Charter,31-Aug-10,17-Aug-10,ARV,Adult,SCMS from RDC,SKU0054,"Lamivudine/Nevirapine/Zidovudine 150/200/300mg, tablets, 60 Tabs",Generic,60,6000,67320,11.22,0.19,"Aurobindo Unit III, India",789,6147.18,145.14
84583,Côte d'Ivoire,PMO - US,From RDC,N/A - From RDC,Air,23-Aug-10,23-Aug-10,ARV,Adult,SCMS from RDC,SKU0014,"Zidovudine 300mg, tablets, 60 Tabs",Generic,60,12060,86952.6,7.21,0.12,"Aurobindo Unit III, India",See DN-1982 (ID#:82910),See DN-1982 (ID#:82910),187.47
84584,Côte d'Ivoire,PMO - US,From RDC,N/A - From RDC,Air,23-Aug-10,23-Aug-10,ARV,Pediatric,SCMS from RDC,SKU0076,"Stavudine 1mg/ml, powder for oral solution, 200 ml",Generic,200,2400,3240,1.35,0.01,"Aurobindo Unit III, India",See DN-1982 (ID#:82910),See DN-1982 (ID#:82910),6.99
84585,Côte d'Ivoire,PMO - US,From RDC,N/A - From RDC,Air,31-Aug-10,23-Aug-10,ARV,Adult,SCMS from RDC,SKU0003,"Lamivudine 150mg, tablets, 60 Tabs",Generic,60,6594,15364.02,2.33,0.04,"Strides, Bangalore, India.",See DN-1984 (ID#:83453),See DN-1984 (ID#:83453),33.12
84588,Uganda,PMO - US,From RDC,N/A - From RDC,Air,29-Oct-10,27-Sep-10,ARV,Adult,SCMS from RDC,SKU0011,"Lamivudine/Zidovudine 150/300mg, tablets, 60 Tabs",Generic,60,63148,539915.4,8.55,0.14,"Aurobindo Unit III, India",See DN-1997 (ID#:82914),See DN-1997 (ID#:82914),1164.06
84589,Uganda,PMO - US,From RDC,N/A - From RDC,Air,30-Sep-10,23-Aug-10,ARV,Adult,SCMS from RDC,SKU0026,"Efavirenz 600mg, tablets, 30 Tabs",Generic,30,71991,320359.95,4.45,0.15,"Strides, Bangalore, India.",7187,16285.97,690.7
84590,Uganda,PMO - US,From RDC,N/A - From RDC,Air,30-Sep-10,23-Aug-10,ARV,Adult,SCMS from RDC,SKU0011,"Lamivudine/Zidovudine 150/300mg, tablets, 60 Tabs",Generic,60,26991,230773.05,8.55,0.14,"Aurobindo Unit III, India",See DN-1998 (ID#:84589),See DN-1998 (ID#:84589),497.55
84591,Côte d'Ivoire,PMO - US,From RDC,N/A - From RDC,Air,30-Sep-10,25-Sep-10,ARV,Pediatric,SCMS from RDC,SKU0092,"Didanosine 200mg, chewable/dispersible tablets, 60 Tabs",Generic,60,6016,93248,15.5,0.26,"Aurobindo Unit III, India",See DN-2011 (ID#:82350),See DN-2011 (ID#:82350),201.04
84592,Côte d'Ivoire,PMO - US,From RDC,N/A - From RDC,Air,30-Sep-10,25-Sep-10,ARV,Adult,SCMS from RDC,SKU0059,"Stavudine 20mg, capsules, 60 Caps",Generic,60,540,772.2,1.43,0.02,"Aurobindo Unit III, India",See DN-2011 (ID#:82350),See DN-2011 (ID#:82350),1.66
84593,Côte d'Ivoire,PMO - US,From RDC,N/A - From RDC,Truck,19-Oct-10,25-Sep-10,ARV,Adult,SCMS from RDC,SKU0104,"Lamivudine/Stavudine 150/30mg, tablets, 60 Tabs",Generic,60,5624,18446.72,3.28,0.05,Mylan (formerly Matrix) Nashik,See DN-2012 (ID#:84040),See DN-2012 (ID#:84040),39.77
84594,Guyana,PMO - US,From RDC,N/A - From RDC,Air,23-Nov-10,19-Sep-10,ARV,Pediatric,SCMS from RDC,SKU0048,"Lamivudine 10mg/ml, oral solution, Bottle, 240 ml",Generic,240,316,609.88,1.93,0.01,"Aurobindo Unit III, India",See DN-2017 (ID#:82918),See DN-2017 (ID#:82918),1.31
84595,Uganda,PMO - US,From RDC,N/A - From RDC,Air,20-Oct-10,25-Oct-10,ARV,Adult,SCMS from RDC,SKU0054,"Lamivudine/Nevirapine/Zidovudine 150/200/300mg, tablets, 60 Tabs",Generic,60,31932,358277.04,11.22,0.19,"Aurobindo Unit III, India",See DN-2026 (ID#:84047),See DN-2026 (ID#:84047),772.45
84596,Tanzania,PMO - US,From RDC,N/A - From RDC,Air,3-Dec-10,3-Dec-10,ARV,Pediatric,SCMS from RDC,SKU0082,"Didanosine 100mg, chewable/dispersible tablets, 60 Tabs",Generic,60,2864,22110.08,7.72,0.13,"Aurobindo Unit III, India",612,1979.75,47.67
84597,Côte d'Ivoire,PMO - US,From RDC,N/A - From RDC,Air,30-Oct-10,23-Nov-10,ARV,Pediatric,SCMS from RDC,SKU0066,"Efavirenz 200mg, capsule, 90 Caps",Generic,90,1785,17974.95,10.07,0.11,"Aurobindo Unit III, India",168,7816.45,38.75
84598,Côte d'Ivoire,PMO - US,From RDC,N/A - From RDC,Truck,30-Nov-10,26-Nov-10,ARV,Pediatric,SCMS from RDC,SKU0076,"Stavudine 1mg/ml, powder for oral solution, 200 ml",Generic,200,2449,3306.15,1.35,0.01,"Aurobindo Unit III, India",See DN-2035 (ID#:82356),See DN-2035 (ID#:82356),7.13
84599,Côte d'Ivoire,PMO - US,From RDC,N/A - From RDC,Truck,30-Nov-10,26-Nov-10,ARV,Adult,SCMS from RDC,SKU0059,"Stavudine 20mg, capsules, 60 Caps",Generic,60,2551,3647.93,1.43,0.02,"Aurobindo Unit III, India",See DN-2035 (ID#:82356),See DN-2035 (ID#:82356),7.86
84600,Nigeria,PMO - US,From RDC,N/A - From RDC,Air Charter,18-Nov-10,10-Nov-10,ARV,Adult,SCMS from RDC,SKU0007,"Nevirapine 200mg, tablets, 60 Tabs",Generic,60,10000,25800,2.58,0.04,"Aurobindo Unit III, India",1130,20264.93,55.62
84601,Mozambique,PMO - US,From RDC,N/A - From RDC,Truck,20-Dec-10,23-Dec-10,ARV,Adult,SCMS from RDC,SKU0026,"Efavirenz 600mg, tablets, 30 Tabs",Generic,30,30000,130200,4.34,0.14,Mylan (formerly Matrix) Nashik,See DN-2051 (ID#:82359),See DN-2051 (ID#:82359),280.71
84602,Mozambique,PMO - US,From RDC,N/A - From RDC,Truck,20-Dec-10,23-Dec-10,ARV,Adult,SCMS from RDC,SKU0044,"Lamivudine/Nevirapine/Stavudine 150/200/30mg, tablets, 60 Tabs",Generic,60,30000,162900,5.43,0.09,"Cipla, Goa, India",See DN-2051 (ID#:82359),See DN-2051 (ID#:82359),351.21
84603,Zambia,PMO - US,From RDC,N/A - From RDC,Truck,31-Dec-10,25-Nov-10,ARV,Adult,SCMS from RDC,SKU0044,"Lamivudine/Nevirapine/Stavudine 150/200/30mg, tablets, 60 Tabs",Generic,60,3653,19835.79,5.43,0.09,"Cipla, Goa, India",See DN-2054 (ID#:83465),See DN-2054 (ID#:83465),42.77
84604,Uganda,PMO - US,From RDC,N/A - From RDC,Air,2-Dec-10,29-Nov-10,ARV,Adult,SCMS from RDC,SKU0132,"Efavirenz/Emtricitabine/Tenofovir Disoproxil Fumarate 600/200/300mg, tablets, 30 Tabs",Generic,30,2661,53007.12,19.92,0.66,Mylan (formerly Matrix) Nashik,909,5166.39,114.28
84605,Uganda,PMO - US,From RDC,N/A - From RDC,Truck,2-Dec-10,29-Nov-10,ARV,Adult,SCMS from RDC,SKU0007,"Nevirapine 200mg, tablets, 60 Tabs",Generic,60,23787,63273.42,2.66,0.04,Hetero Unit III Hyderabad IN,1378,2559.88,136.42
84606,Haiti,PMO - US,From RDC,N/A - From RDC,Air,26-Nov-10,15-Dec-10,ARV,Adult,SCMS from RDC,SKU0007,"Nevirapine 200mg, tablets, 60 Tabs",Generic,60,53200,141512,2.66,0.04,"Strides, Bangalore, India.",See DN-2059 (ID#:84053),See DN-2059 (ID#:84053),305.1
84607,Haiti,PMO - US,From RDC,N/A - From RDC,Air,26-Nov-10,15-Dec-10,ARV,Pediatric,SCMS from RDC,SKU0049,"Efavirenz 50mg, capsule, 30 Caps",Generic,30,1778,3982.72,2.24,0.07,"Aurobindo Unit III, India",See DN-2059 (ID#:84053),See DN-2059 (ID#:84053),8.59
84608,Côte d'Ivoire,PMO - US,From RDC,N/A - From RDC,Air,30-Nov-10,9-Dec-10,ARV,Adult,SCMS from RDC,SKU0058,"Abacavir 300mg, tablets, 60 Tabs",Generic,60,600,9864,16.44,0.27,"Aurobindo Unit III, India",See DN-2064 (ID#:83469),See DN-2064 (ID#:83469),21.27
84609,Côte d'Ivoire,PMO - US,From RDC,N/A - From RDC,Air,30-Nov-10,9-Dec-10,ARV,Pediatric,SCMS from RDC,SKU0174,"Stavudine 1mg/ml, powder for oral solution w/syringe, 200 ml",Generic,200,6551,8778.34,1.34,0.01,"Aurobindo Unit III, India",See DN-2064 (ID#:83469),See DN-2064 (ID#:83469),18.93
84612,Haiti,PMO - US,From RDC,N/A - From RDC,Air,20-Dec-10,5-Jan-11,ARV,Adult,SCMS from RDC,SKU0058,"Abacavir 300mg, tablets, 60 Tabs",Generic,60,600,9864,16.44,0.27,"Aurobindo Unit III, India",See DN-2073 (ID#:82362),See DN-2073 (ID#:82362),21.27
84613,Zambia,PMO - US,From RDC,N/A - From RDC,Truck,1-Apr-11,13-Jan-11,ARV,Adult,SCMS from RDC,SKU0003,"Lamivudine 150mg, tablets, 60 Tabs",Generic,60,12080,28146.4,2.33,0.04,Hetero Unit III Hyderabad IN,503,2355.79,60.68
84614,Guatemala,PMO - US,From RDC,N/A - From RDC,Air,31-Jan-11,24-Jan-11,ARV,Adult,SCMS from RDC,SKU0105,"Emtricitabine/Tenofovir Disoproxil Fumarate 200/300mg, tablets, 30 Tabs",Generic,30,7987,87218.04,10.92,0.36,Mylan (formerly Matrix) Nashik,See DN-2089 (ID#:83478),See DN-2089 (ID#:83478),143.91
84615,Guatemala,PMO - US,From RDC,N/A - From RDC,Air,31-Jan-11,24-Jan-11,ARV,Pediatric,SCMS from RDC,SKU0066,"Efavirenz 200mg, capsule, 90 Caps",Generic,90,680,6589.2,9.69,0.11,"Aurobindo Unit III, India",See DN-2089 (ID#:83478),See DN-2089 (ID#:83478),10.87
84616,Zambia,PMO - US,From RDC,N/A - From RDC,Truck,31-Jan-11,18-Jan-11,ARV,Adult,SCMS from RDC,SKU0003,"Lamivudine 150mg, tablets, 60 Tabs",Generic,60,22242,51823.86,2.33,0.04,Hetero Unit III Hyderabad IN,1207,7487.51,111.73
84617,Côte d'Ivoire,PMO - US,From RDC,N/A - From RDC,Truck,31-Jan-11,22-Feb-11,ARV,Adult,SCMS from RDC,SKU0105,"Emtricitabine/Tenofovir Disoproxil Fumarate 200/300mg, tablets, 30 Tabs",Generic,30,9920,108326.4,10.92,0.36,Mylan (formerly Matrix) Nashik,See DN-2098 (ID#:83482),See DN-2098 (ID#:83482),233.55
84618,Haiti,PMO - US,From RDC,N/A - From RDC,Air,28-Feb-11,14-Feb-11,ARV,Adult,SCMS from RDC,SKU0003,"Lamivudine 150mg, tablets, 60 Tabs",Generic,60,5980,13933.4,2.33,0.04,"Aurobindo Unit III, India",See DN-2113 (ID#:82937),See DN-2113 (ID#:82937),30.04
84619,Haiti,PMO - US,From RDC,N/A - From RDC,Air,28-Feb-11,14-Feb-11,ARV,Pediatric,SCMS from RDC,SKU0174,"Stavudine 1mg/ml, powder for oral solution w/syringe, 200 ml",Generic,200,600,804,1.34,0.01,"Aurobindo Unit III, India",See DN-2114 (ID#:83486),See DN-2114 (ID#:83486),1.33
84621,Uganda,PMO - US,From RDC,N/A - From RDC,Truck,28-Feb-11,22-Mar-11,ARV,Adult,SCMS from RDC,SKU0054,"Lamivudine/Nevirapine/Zidovudine 150/200/300mg, tablets, 60 Tabs",Generic,60,8988,100845.36,11.22,0.19,Mylan (formerly Matrix) Nashik,See DN-2121 (ID#:82370),See DN-2121 (ID#:82370),217.42
84622,Côte d'Ivoire,PMO - US,From RDC,N/A - From RDC,Air,31-Mar-11,15-Mar-11,ARV,Adult,SCMS from RDC,SKU0029,"Tenofovir Disoproxil Fumarate 300mg, tablets, 30 Tabs",Generic,30,2240,14716.8,6.57,0.22,Mylan (formerly Matrix) Nashik,6542,18611.93,31.73
84623,Zimbabwe,PMO - US,From RDC,N/A - From RDC,Truck,31-Mar-11,17-Mar-11,ARV,Adult,SCMS from RDC,SKU0044,"Lamivudine/Nevirapine/Stavudine 150/200/30mg, tablets, 60 Tabs",Generic,60,66645,370546.2,5.56,0.09,"Strides, Bangalore, India.",See DN-2127 (ID#:82371),See DN-2127 (ID#:82371),798.9
84624,Zimbabwe,PMO - US,From RDC,N/A - From RDC,Truck,31-Mar-11,18-Mar-11,ARV,Adult,SCMS from RDC,SKU0007,"Nevirapine 200mg, tablets, 60 Tabs",Generic,60,9073,22773.23,2.51,0.04,Hetero Unit III Hyderabad IN,2102,7765.17,49.1
84625,Zimbabwe,PMO - US,From RDC,N/A - From RDC,Truck,31-Mar-11,18-Mar-11,ARV,Adult,SCMS from RDC,SKU0104,"Lamivudine/Stavudine 150/30mg, tablets, 60 Tabs",Generic,60,1883,6025.6,3.2,0.05,"Cipla, Goa, India",See DN-2128 (ID#:84624),See DN-2128 (ID#:84624),12.99
84626,Ethiopia,PMO - US,From RDC,N/A - From RDC,Air,10-Mar-11,11-Mar-11,ARV,Adult,SCMS from RDC,SKU0008,"Lopinavir/Ritonavir 200/50mg [Aluvia], tablets, 120 Tabs",Aluvia,120,8000,289280,36.16,0.3,ABBVIE Ludwigshafen Germany,1647,3600.65,623.69
84627,Uganda,PMO - US,From RDC,N/A - From RDC,Air,18-Apr-11,15-Mar-11,ARV,Adult,SCMS from RDC,SKU0014,"Zidovudine 300mg, tablets, 60 Tabs",Generic,60,46113,332474.73,7.21,0.12,"Aurobindo Unit III, India",2534,16629.49,548.58
84628,Haiti,PMO - US,From RDC,N/A - From RDC,Air,14-Mar-11,20-Apr-11,ARV,Adult,SCMS from RDC,SKU0008,"Lopinavir/Ritonavir 200/50mg [Aluvia], tablets, 120 Tabs",Aluvia,120,1320,47731.2,36.16,0.3,ABBVIE Ludwigshafen Germany,276,2080.2,102.91
84629,Côte d'Ivoire,PMO - US,From RDC,N/A - From RDC,Air,31-Mar-11,29-Mar-11,ARV,Adult,SCMS from RDC,SKU0054,"Lamivudine/Nevirapine/Zidovudine 150/200/300mg, tablets, 60 Tabs",Generic,60,99957,1121517.54,11.22,0.19,"Aurobindo Unit III, India",See DN-2137 (ID#:83490),See DN-2137 (ID#:83490),2417.99
84630,Côte d'Ivoire,PMO - US,From RDC,N/A - From RDC,Air,15-Mar-11,29-Mar-11,ARV,Pediatric,SCMS from RDC,SKU0092,"Didanosine 200mg, chewable/dispersible tablets, 60 Tabs",Generic,60,3008,46624,15.5,0.26,"Aurobindo Unit III, India",See DN-2138 (ID#:83491),See DN-2138 (ID#:83491),100.52
84631,Côte d'Ivoire,PMO - US,From RDC,N/A - From RDC,Air,15-Mar-11,29-Mar-11,ARV,Adult,SCMS from RDC,SKU0011,"Lamivudine/Zidovudine 150/300mg, tablets, 60 Tabs",Generic,60,15621,133559.55,8.55,0.14,Hetero Unit III Hyderabad IN,See DN-2138 (ID#:83491),See DN-2138 (ID#:83491),287.95
84632,Zambia,PMO - US,From RDC,N/A - From RDC,Truck,15-Apr-11,5-Apr-11,ARV,Adult,SCMS from RDC,SKU0058,"Abacavir 300mg, tablets, 60 Tabs",Generic,60,4875,77463.75,15.89,0.26,"Cipla, Patalganga, India",2556,4471.07,127.82
84633,Côte d'Ivoire,PMO - US,From RDC,N/A - From RDC,Air,20-Apr-11,10-Jun-11,ARV,Pediatric,SCMS from RDC,SKU0130,"Lamivudine 10mg/ml, oral solution w/syringe, Bottle, 240 ml",Generic,240,7420,13727,1.85,0.01,"Aurobindo Unit III, India",See DN-2153 (ID#:82374),See DN-2153 (ID#:82374),22.65
84634,Tanzania,PMO - US,From RDC,N/A - From RDC,Air,7-Apr-11,31-Mar-11,ARV,Adult,SCMS from RDC,SKU0026,"Efavirenz 600mg, tablets, 30 Tabs",Generic,30,4738,19994.36,4.22,0.14,Mylan (formerly Matrix) Nashik,See DN-2151 (ID#:84068),See DN-2151 (ID#:84068),32.99
84638,Côte d'Ivoire,PMO - US,From RDC,N/A - From RDC,Air,31-Mar-11,7-Jun-11,ARV,Pediatric,SCMS from RDC,SKU0066,"Efavirenz 200mg, capsule, 90 Caps",Generic,90,20,194.2,9.71,0.11,"Aurobindo Unit III, India",5,3380.36,0.42
84639,Côte d'Ivoire,PMO - US,From RDC,N/A - From RDC,Air,30-Jun-11,7-Jun-11,ARV,Adult,SCMS from RDC,SKU0058,"Abacavir 300mg, tablets, 60 Tabs",Generic,60,2383,36936.5,15.5,0.26,"Aurobindo Unit III, India",882,4516.67,60.95
84709,Uganda,PMO - US,From RDC,N/A - From RDC,Truck,30-Mar-12,17-Feb-12,ARV,Adult,SCMS from RDC,SKU0003,"Lamivudine 150mg, tablets, 60 Tabs",Generic,60,2596,6048.68,2.33,0.04,"Aurobindo Unit III, India",125,1831.41,9.98
84640,Zimbabwe,PMO - US,From RDC,N/A - From RDC,Truck,31-Mar-11,20-May-11,ARV,Adult,SCMS from RDC,SKU0044,"Lamivudine/Nevirapine/Stavudine 150/200/30mg, tablets, 60 Tabs",Generic,60,88719,493277.64,5.56,0.09,"Cipla, Goa, India",11668,15697.15,1063.51
84641,Zimbabwe,PMO - US,From RDC,N/A - From RDC,Truck,31-Mar-11,20-May-11,ARV,Adult,SCMS from RDC,SKU0044,"Lamivudine/Nevirapine/Stavudine 150/200/30mg, tablets, 60 Tabs",Generic,60,22074,122731.44,5.56,0.09,"Cipla, Goa, India",See DN-2181 (ID#:84640),See DN-2181 (ID#:84640),264.61
84642,Côte d'Ivoire,PMO - US,From RDC,N/A - From RDC,Air,23-Mar-11,7-Jun-11,ARV,Pediatric,SCMS from RDC,SKU0066,"Efavirenz 200mg, capsule, 90 Caps",Generic,90,20,194.2,9.71,0.11,"Aurobindo Unit III, India",3,1355.31,0.42
84643,Uganda,PMO - US,From RDC,N/A - From RDC,Truck,20-Apr-11,3-May-11,ARV,Adult,SCMS from RDC,SKU0132,"Efavirenz/Emtricitabine/Tenofovir Disoproxil Fumarate 600/200/300mg, tablets, 30 Tabs",Generic,30,6600,131472,19.92,0.66,Mylan (formerly Matrix) Nashik,720,4647.66,216.93
84644,Uganda,PMO - US,From RDC,N/A - From RDC,Truck,6-Jun-11,1-Jun-11,ARV,Adult,SCMS from RDC,SKU0107,"Lamivudine/Tenofovir Disoproxil Fumarate 300/300mg, tablets, 30 Tabs",Generic,30,2559,22570.38,8.82,0.29,Mylan (formerly Matrix) Nashik,338,3397.95,37.24
84645,Zimbabwe,PMO - US,From RDC,N/A - From RDC,Truck,31-May-11,13-Jun-11,ARV,Pediatric,SCMS from RDC,SKU0049,"Efavirenz 50mg, capsule, 30 Caps",Generic,30,4250,9520,2.24,0.07,"Aurobindo Unit III, India",See DN-2203 (ID#:82949),See DN-2203 (ID#:82949),20.53
84646,Guyana,PMO - US,From RDC,N/A - From RDC,Air,20-Jun-11,16-May-11,ARV,Pediatric,SCMS from RDC,SKU0126,"Nevirapine 10mg/ml, oral suspension w/syringe, Bottle, 240 ml",Generic,240,600,1170,1.95,0.01,"Aurobindo Unit III, India",239,3106.89,1.93
84647,Zimbabwe,PMO - US,From RDC,N/A - From RDC,Truck,31-May-11,15-Jun-11,ARV,Adult,SCMS from RDC,SKU0044,"Lamivudine/Nevirapine/Stavudine 150/200/30mg, tablets, 60 Tabs",Generic,60,69207,372333.66,5.38,0.09,"Cipla, Goa, India",See DN-2205 (ID#:82950),See DN-2205 (ID#:82950),802.75
84648,Zimbabwe,PMO - US,From RDC,N/A - From RDC,Truck,31-May-11,15-Jun-11,ARV,Adult,SCMS from RDC,SKU0107,"Lamivudine/Tenofovir Disoproxil Fumarate 300/300mg, tablets, 30 Tabs",Generic,30,10114,87283.82,8.63,0.29,Mylan (formerly Matrix) Nashik,See DN-2205 (ID#:82950),See DN-2205 (ID#:82950),188.18
84649,Nigeria,PMO - US,From RDC,N/A - From RDC,Air Charter,21-Jun-11,11-May-11,ARV,Adult,SCMS from RDC,SKU0007,"Nevirapine 200mg, tablets, 60 Tabs",Generic,60,41142,103266.42,2.51,0.04,"Strides, Bangalore, India.",2822,12601.12,170.39
84650,Nigeria,PMO - US,From RDC,N/A - From RDC,Air Charter,15-Jun-11,6-Jul-11,ARV,Adult,SCMS from RDC,SKU0054,"Lamivudine/Nevirapine/Zidovudine 150/200/300mg, tablets, 60 Tabs",Generic,60,53109,595882.98,11.22,0.19,"Aurobindo Unit III, India",19464,13398.06,983.21
84651,Benin,PMO - US,From RDC,N/A - From RDC,Air,13-Jun-11,9-Jun-11,ARV,Adult,SCMS from RDC,SKU0107,"Lamivudine/Tenofovir Disoproxil Fumarate 300/300mg, tablets, 30 Tabs",Generic,30,4545,39223.35,8.63,0.29,Mylan (formerly Matrix) Nashik,See DN-2237 (ID#:82954),See DN-2237 (ID#:82954),64.72
84652,Benin,PMO - US,From RDC,N/A - From RDC,Air,13-Jun-11,9-Jun-11,ARV,Adult,SCMS from RDC,SKU0026,"Efavirenz 600mg, tablets, 30 Tabs",Generic,30,575,2426.5,4.22,0.14,"Aurobindo Unit III, India",See DN-2237 (ID#:82954),See DN-2237 (ID#:82954),4
84653,Benin,PMO - US,From RDC,N/A - From RDC,Air,13-Jun-11,9-Jun-11,ARV,Adult,SCMS from RDC,SKU0054,"Lamivudine/Nevirapine/Zidovudine 150/200/300mg, tablets, 60 Tabs",Generic,60,2590,29059.8,11.22,0.19,Mylan (formerly Matrix) Nashik,See DN-2237 (ID#:82954),See DN-2237 (ID#:82954),47.95
84654,Mozambique,PMO - US,From RDC,N/A - From RDC,Truck,10-Aug-11,4-Aug-11,ARV,Pediatric,SCMS from RDC,SKU0126,"Nevirapine 10mg/ml, oral suspension w/syringe, Bottle, 240 ml",Generic,240,14000,27300,1.95,0.01,"Aurobindo Unit III, India",14413,5491.01,45.04
84655,Zambia,PMO - US,From RDC,N/A - From RDC,Truck,15-Jul-11,11-Jul-11,ARV,Pediatric,SCMS from RDC,SKU0001,"Nevirapine 10mg/ml, oral suspension, Bottle, 240 ml",Generic,240,20000,36000,1.8,0.01,"Aurobindo Unit III, India",7482,6801.72,59.4
84656,Uganda,PMO - US,From RDC,N/A - From RDC,Truck,1-Aug-11,28-Jun-11,ARV,Adult,SCMS from RDC,SKU0029,"Tenofovir Disoproxil Fumarate 300mg, tablets, 30 Tabs",Generic,30,2011,13212.27,6.57,0.22,Mylan (formerly Matrix) Nashik,126,1661,21.8
84657,Tanzania,PMO - US,From RDC,N/A - From RDC,Truck,28-Apr-11,15-Jul-11,ARV,Adult,SCMS from RDC,SKU0132,"Efavirenz/Emtricitabine/Tenofovir Disoproxil Fumarate 600/200/300mg, tablets, 30 Tabs",Generic,30,54375,1083150,19.92,0.66,Mylan (formerly Matrix) Nashik,11129,13838.17,1787.2
84658,Ghana,PMO - US,From RDC,N/A - From RDC,Air,4-Jul-11,9-Jun-11,ARV,Adult,SCMS from RDC,SKU0029,"Tenofovir Disoproxil Fumarate 300mg, tablets, 30 Tabs",Generic,30,1086,6972.12,6.42,0.21,"Aurobindo Unit III, India",90,226.25,11.5
84659,Zimbabwe,PMO - US,From RDC,N/A - From RDC,Truck,15-Aug-11,11-Aug-11,ARV,Pediatric,SCMS from RDC,SKU0071,"Abacavir 20mg/ml, oral solution, Bottle, 240 ml",Generic,240,1191,16197.6,13.6,0.06,"Aurobindo Unit III, India",445,2143.48,26.73
84660,Mozambique,PMO - US,From RDC,N/A - From RDC,Truck,31-Aug-11,1-Sep-11,ARV,Adult,SCMS from RDC,SKU0011,"Lamivudine/Zidovudine 150/300mg, tablets, 60 Tabs",Generic,60,39636,338887.8,8.55,0.14,"Aurobindo Unit III, India",3666,3525.04,559.16
84661,Haiti,PMO - US,From RDC,N/A - From RDC,Air,19-Jul-11,17-Jul-11,ARV,Pediatric,SCMS from RDC,SKU0130,"Lamivudine 10mg/ml, oral solution w/syringe, Bottle, 240 ml",Generic,240,5110,9862.3,1.93,0.01,"Aurobindo Unit III, India",1840,14866.14,16.27
84662,Tanzania,PMO - US,From RDC,N/A - From RDC,Truck,5-Aug-11,16-Aug-11,ARV,Adult,SCMS from RDC,SKU0008,"Lopinavir/Ritonavir 200/50mg [Aluvia], tablets, 120 Tabs",Aluvia,120,4389,148084.86,33.74,0.28,ABBVIE Ludwigshafen Germany,880,3175.7,244.34
84663,Mozambique,PMO - US,From RDC,N/A - From RDC,Truck,30-Sep-11,15-Sep-11,ARV,Adult,SCMS from RDC,SKU0007,"Nevirapine 200mg, tablets, 60 Tabs",Generic,60,1890,4876.2,2.58,0.04,"Aurobindo Unit VII, IN",183,112.87,8.05
84664,Haiti,PMO - US,From RDC,N/A - From RDC,Air,19-Jul-11,11-Aug-11,ARV,Adult,SCMS from RDC,SKU0011,"Lamivudine/Zidovudine 150/300mg, tablets, 60 Tabs",Generic,60,18958,162090.9,8.55,0.14,Mylan (formerly Matrix) Nashik,See DN-2310 (ID#:82968),See DN-2310 (ID#:82968),267.45
84665,Côte d'Ivoire,PMO - US,From RDC,N/A - From RDC,Air,25-Oct-11,5-Aug-11,ARV,Pediatric,SCMS from RDC,SKU0145,"Abacavir 20mg/ml, oral solution w/syringe, Bottle, 240 ml",Generic,240,576,7200,12.5,0.05,"Aurobindo Unit III, India",212,1771.26,11.88
84667,Zambia,PMO - US,From RDC,N/A - From RDC,Truck,26-Sep-11,26-Sep-11,ARV,Adult,SCMS from RDC,SKU0105,"Emtricitabine/Tenofovir Disoproxil Fumarate 200/300mg, tablets, 30 Tabs",Generic,30,169985,1665853,9.8,0.33,Mylan (formerly Matrix) Nashik,18994,21077.51,2748.66
84668,Zambia,PMO - US,From RDC,N/A - From RDC,Truck,29-Sep-11,26-Sep-11,ARV,Adult,SCMS from RDC,SKU0011,"Lamivudine/Zidovudine 150/300mg, tablets, 60 Tabs",Generic,60,176308,1456304.08,8.26,0.14,"Aurobindo Unit VII, IN",17967,21180.7,2402.9
84671,Nigeria,PMO - US,From RDC,N/A - From RDC,Air Charter,3-Nov-11,28-Sep-11,ARV,Adult,SCMS from RDC,SKU0007,"Nevirapine 200mg, tablets, 60 Tabs",Generic,60,164398,412638.98,2.51,0.04,Hetero Unit III Hyderabad IN,9988,18495.9,680.85
84672,Swaziland,PMO - US,From RDC,N/A - From RDC,Air,30-Sep-11,6-Oct-11,ARV,Adult,SCMS from RDC,SKU0135,"Lopinavir/Ritonavir 200/50mg, tablets, 120 Tabs",Generic,120,5410,181776,33.6,0.28,"Aurobindo Unit III, India",See DN-2359 (ID#:84113),See DN-2359 (ID#:84113),299.93
84673,Guyana,PMO - US,From RDC,N/A - From RDC,Air,15-Dec-11,28-Sep-11,ARV,Adult,SCMS from RDC,SKU0041,"Stavudine 15mg, capsules, 60 Caps",Generic,60,21,27.72,1.32,0.02,"Aurobindo Unit III, India",294,4338.44,0.05
84674,Côte d'Ivoire,PMO - US,From RDC,N/A - From RDC,Air,14-Oct-11,8-Oct-11,ARV,Adult,SCMS from RDC,SKU0026,"Efavirenz 600mg, tablets, 30 Tabs",Generic,30,62231,262614.82,4.22,0.14,"Strides, Bangalore, India.",3789,13956.38,433.31
84675,Swaziland,PMO - US,From RDC,N/A - From RDC,Air,30-Sep-11,29-Sep-11,ARV,Adult,SCMS from RDC,SKU0054,"Lamivudine/Nevirapine/Zidovudine 150/200/300mg, tablets, 60 Tabs",Generic,60,19100,214302,11.22,0.19,"Aurobindo Unit VII, IN",2237,3148.12,353.6
84676,Tanzania,PMO - US,From RDC,N/A - From RDC,Truck,29-Sep-11,23-Sep-11,ARV,Adult,SCMS from RDC,SKU0132,"Efavirenz/Emtricitabine/Tenofovir Disoproxil Fumarate 600/200/300mg, tablets, 30 Tabs",Generic,30,68235,1359241.2,19.92,0.66,Mylan (formerly Matrix) Nashik,83,2094.34,2242.75
84677,Zambia,PMO - US,From RDC,N/A - From RDC,Truck,31-Oct-11,4-Nov-11,ARV,Adult,SCMS from RDC,SKU0026,"Efavirenz 600mg, tablets, 30 Tabs",Generic,30,72974,315247.68,4.32,0.14,"Strides, Bangalore, India.",4471,10370.59,520.16
84678,Zimbabwe,PMO - US,From RDC,N/A - From RDC,Truck,14-Nov-11,21-Nov-11,ARV,Adult,SCMS from RDC,SKU0104,"Lamivudine/Stavudine 150/30mg, tablets, 60 Tabs",Generic,60,76,224.2,2.95,0.05,"Cipla, Goa, India",248,481.71,0.37
84679,Nigeria,PMO - US,From RDC,N/A - From RDC,Air Charter,16-Mar-12,13-Oct-11,ARV,Adult,SCMS from RDC,SKU0107,"Lamivudine/Tenofovir Disoproxil Fumarate 300/300mg, tablets, 30 Tabs",Generic,30,18354,151053.42,8.23,0.27,Mylan (formerly Matrix) Nashik,1794,21326.7,249.24
84680,Zimbabwe,PMO - US,From RDC,N/A - From RDC,Truck,30-Nov-11,21-Nov-11,ARV,Pediatric,SCMS from RDC,SKU0140,"Lamivudine/Nevirapine/Zidovudine 30/50/60mg, dispersible tablets, 60 Tabs",Generic,60,30060,127755,4.25,0.07,Mylan (formerly Matrix) Nashik,1754,3537.26,275.44
84681,Côte d'Ivoire,PMO - US,From RDC,N/A - From RDC,Air,20-Dec-11,19-Nov-11,ARV,Pediatric,SCMS from RDC,SKU0092,"Didanosine 200mg, chewable/dispersible tablets, 60 Tabs",Generic,60,5184,77760,15,0.25,"Aurobindo Unit III, India",1103,3296.34,128.3
84682,Côte d'Ivoire,PMO - US,From RDC,N/A - From RDC,Truck,9-Dec-11,19-Nov-11,ARV,Adult,SCMS from RDC,SKU0029,"Tenofovir Disoproxil Fumarate 300mg, tablets, 30 Tabs",Generic,30,3040,19516.8,6.42,0.21,Mylan (formerly Matrix) Nashik,See DN-2420 (ID#:82989),See DN-2420 (ID#:82989),32.2
84683,Swaziland,PMO - US,From RDC,N/A - From RDC,Air,17-Nov-11,7-Nov-11,ARV,Adult,SCMS from RDC,SKU0054,"Lamivudine/Nevirapine/Zidovudine 150/200/300mg, tablets, 60 Tabs",Generic,60,45113,506167.86,11.22,0.19,Mylan (formerly Matrix) Nashik,5856,22711.84,835.18
84684,Zambia,PMO - US,From RDC,N/A - From RDC,Truck,28-Feb-12,28-Nov-11,ARV,Adult,SCMS from RDC,SKU0014,"Zidovudine 300mg, tablets, 60 Tabs",Generic,60,6376,44759.52,7.02,0.12,Hetero Unit III Hyderabad IN,639,889.94,73.85
84685,Uganda,PMO - US,From RDC,N/A - From RDC,Truck,9-Jan-12,1-Dec-11,ARV,Adult,SCMS from RDC,SKU0011,"Lamivudine/Zidovudine 150/300mg, tablets, 60 Tabs",Generic,60,1529,12629.54,8.26,0.14,"Aurobindo Unit III, India",See DN-2435 (ID#:84121),See DN-2435 (ID#:84121),20.84
84686,Nigeria,PMO - US,From RDC,N/A - From RDC,Air Charter,20-Dec-11,18-Dec-11,ARV,Adult,SCMS from RDC,SKU0026,"Efavirenz 600mg, tablets, 30 Tabs",Generic,30,15802,66684.44,4.22,0.14,"Strides, Bangalore, India.",1086,15322.73,110.03
84687,Nigeria,PMO - US,From RDC,N/A - From RDC,Air Charter,16-Mar-12,18-Dec-11,ARV,Adult,SCMS from RDC,SKU0054,"Lamivudine/Nevirapine/Zidovudine 150/200/300mg, tablets, 60 Tabs",Generic,60,45042,505371.24,11.22,0.19,"Aurobindo Unit III, India",See DN-2465 (ID#:82426),See DN-2465 (ID#:82426),833.86
84688,Côte d'Ivoire,PMO - US,From RDC,N/A - From RDC,Air Charter,27-Apr-12,8-Feb-12,ARV,Adult,SCMS from RDC,SKU0011,"Lamivudine/Zidovudine 150/300mg, tablets, 60 Tabs",Generic,60,57061,471323.86,8.26,0.14,"Cipla, Goa, India",See DN-2469 (ID#:82427),See DN-2469 (ID#:82427),777.68
84689,Zambia,PMO - US,From RDC,N/A - From RDC,Truck,19-Jan-12,23-Dec-11,ARV,Adult,SCMS from RDC,SKU0105,"Emtricitabine/Tenofovir Disoproxil Fumarate 200/300mg, tablets, 30 Tabs",Generic,30,113925,1021907.25,8.97,0.3,Mylan (formerly Matrix) Nashik,9875,14325.71,1686.15
84690,Tanzania,PMO - US,From RDC,N/A - From RDC,Truck,12-Mar-12,12-Mar-12,ARV,Adult,SCMS from RDC,SKU0058,"Abacavir 300mg, tablets, 60 Tabs",Generic,60,23940,350242.2,14.63,0.24,Mylan (formerly Matrix) Nashik,1500,1698.83,577.9
84691,"Congo, DRC",PMO - US,From RDC,N/A - From RDC,Air,16-Mar-12,14-Feb-12,ARV,Adult,SCMS from RDC,SKU0026,"Efavirenz 600mg, tablets, 30 Tabs",Generic,30,27,111.24,4.12,0.14,"Strides, Bangalore, India.",See DN-2494 (ID#:82433),See DN-2494 (ID#:82433),0.16
84692,"Congo, DRC",PMO - US,From RDC,N/A - From RDC,Air,16-Mar-12,14-Feb-12,ARV,Adult,SCMS from RDC,SKU0054,"Lamivudine/Nevirapine/Zidovudine 150/200/300mg, tablets, 60 Tabs",Generic,60,226,2486,11,0.18,Mylan (formerly Matrix) Nashik,See DN-2494 (ID#:82433),See DN-2494 (ID#:82433),3.49
84693,"Congo, DRC",PMO - US,From RDC,N/A - From RDC,Air,16-Mar-12,14-Feb-12,ARV,Adult,SCMS from RDC,SKU0135,"Lopinavir/Ritonavir 200/50mg, tablets, 120 Tabs",Generic,120,20,674.8,33.74,0.28,"Aurobindo Unit III, India",See DN-2494 (ID#:82433),See DN-2494 (ID#:82433),0.95
84694,"Congo, DRC",PMO - US,From RDC,N/A - From RDC,Air,16-Mar-12,14-Feb-12,ARV,Adult,SCMS from RDC,SKU0058,"Abacavir 300mg, tablets, 60 Tabs",Generic,60,23,336.49,14.63,0.24,Mylan (formerly Matrix) Nashik,See DN-2495 (ID#:83555),See DN-2495 (ID#:83555),0.47
84695,"Congo, DRC",PMO - US,From RDC,N/A - From RDC,Air,16-Mar-12,14-Feb-12,ARV,Adult,SCMS from RDC,SKU0026,"Efavirenz 600mg, tablets, 30 Tabs",Generic,30,19,78.28,4.12,0.14,"Strides, Bangalore, India.",See DN-2496 (ID#:82434),See DN-2496 (ID#:82434),0.11
84696,"Congo, DRC",PMO - US,From RDC,N/A - From RDC,Air,16-Mar-12,14-Feb-12,ARV,Adult,SCMS from RDC,SKU0135,"Lopinavir/Ritonavir 200/50mg, tablets, 120 Tabs",Generic,120,17,573.58,33.74,0.28,"Aurobindo Unit III, India",See DN-2496 (ID#:82434),See DN-2496 (ID#:82434),0.8
84697,"Congo, DRC",PMO - US,From RDC,N/A - From RDC,Air,16-Mar-12,14-Feb-12,ARV,Adult,SCMS from RDC,SKU0007,"Nevirapine 200mg, tablets, 60 Tabs",Generic,60,40,103.2,2.58,0.04,"Strides, Bangalore, India.",See DN-2496 (ID#:82434),See DN-2496 (ID#:82434),0.14
84698,"Congo, DRC",PMO - US,From RDC,N/A - From RDC,Air,16-Mar-12,14-Feb-12,ARV,Adult,SCMS from RDC,SKU0058,"Abacavir 300mg, tablets, 60 Tabs",Generic,60,9,131.67,14.63,0.24,Mylan (formerly Matrix) Nashik,See DN-2497 (ID#:82435),See DN-2497 (ID#:82435),0.18
84699,"Congo, DRC",PMO - US,From RDC,N/A - From RDC,Air,16-Mar-12,14-Feb-12,ARV,Adult,SCMS from RDC,SKU0011,"Lamivudine/Zidovudine 150/300mg, tablets, 60 Tabs",Generic,60,45,371.7,8.26,0.14,"Aurobindo Unit III, India",See DN-2498 (ID#:83002),See DN-2498 (ID#:83002),0.52
84700,"Congo, DRC",PMO - US,From RDC,N/A - From RDC,Air,16-Mar-12,14-Feb-12,ARV,Adult,SCMS from RDC,SKU0135,"Lopinavir/Ritonavir 200/50mg, tablets, 120 Tabs",Generic,120,9,303.66,33.74,0.28,"Aurobindo Unit III, India",See DN-2498 (ID#:83002),See DN-2498 (ID#:83002),0.43
84701,"Congo, DRC",PMO - US,From RDC,N/A - From RDC,Air,16-Mar-12,14-Feb-12,ARV,Adult,SCMS from RDC,SKU0054,"Lamivudine/Nevirapine/Zidovudine 150/200/300mg, tablets, 60 Tabs",Generic,60,680,7480,11,0.18,Mylan (formerly Matrix) Nashik,See DN-2499 (ID#:83004),See DN-2499 (ID#:83004),10.49
84740,Rwanda,PMO - US,From RDC,N/A - From RDC,Air,31-Aug-12,23-Aug-12,ARV,Adult,SCMS from RDC,SKU0058,"Abacavir 300mg, tablets, 60 Tabs",Generic,60,6985,91852.75,13.15,0.22,"Aurobindo Unit III, India",718,12688.85,128.78
84702,"Congo, DRC",PMO - US,From RDC,N/A - From RDC,Air,16-Mar-12,14-Mar-12,ARV,Adult,SCMS from RDC,SKU0107,"Lamivudine/Tenofovir Disoproxil Fumarate 300/300mg, tablets, 30 Tabs",Generic,30,45,273.6,6.08,0.2,Mylan (formerly Matrix) Nashik,See DN-2511 (ID#:83563),See DN-2511 (ID#:83563),0.38
84704,Haiti,PMO - US,From RDC,N/A - From RDC,Air,30-Mar-12,13-Feb-12,ARV,Adult,SCMS from RDC,SKU0044,"Lamivudine/Nevirapine/Stavudine 150/200/30mg, tablets, 60 Tabs",Generic,60,180,968.4,5.38,0.09,"Strides, Bangalore, India.",37,1221.01,1.36
84705,"Congo, DRC",PMO - US,From RDC,N/A - From RDC,Air,22-Mar-12,22-Mar-12,ARV,Adult,SCMS from RDC,SKU0003,"Lamivudine 150mg, tablets, 60 Tabs",Generic,60,43,100.19,2.33,0.04,Hetero Unit III Hyderabad IN,2,91.42,0.14
84706,"Congo, DRC",PMO - US,From RDC,N/A - From RDC,Air,22-Mar-12,22-Mar-12,ARV,Adult,SCMS from RDC,SKU0003,"Lamivudine 150mg, tablets, 60 Tabs",Generic,60,23,53.59,2.33,0.04,Hetero Unit III Hyderabad IN,1,522.42,0.08
84707,"Congo, DRC",PMO - US,From RDC,N/A - From RDC,Air,22-Mar-12,22-Mar-12,ARV,Adult,SCMS from RDC,SKU0003,"Lamivudine 150mg, tablets, 60 Tabs",Generic,60,24,55.92,2.33,0.04,Hetero Unit III Hyderabad IN,2,522.42,0.08
84708,Haiti,PMO - US,From RDC,N/A - From RDC,Air,2-Mar-12,12-Mar-12,ARV,Adult,SCMS from RDC,SKU0054,"Lamivudine/Nevirapine/Zidovudine 150/200/300mg, tablets, 60 Tabs",Generic,60,66672,733392,11,0.18,"Aurobindo Unit III, India",See DN-2535 (ID#:83011),See DN-2535 (ID#:83011),1028.22
84710,Côte d'Ivoire,PMO - US,From RDC,N/A - From RDC,Truck,2-Mar-12,24-Feb-12,ARV,Adult,SCMS from RDC,SKU0105,"Emtricitabine/Tenofovir Disoproxil Fumarate 200/300mg, tablets, 30 Tabs",Generic,30,10760,94150,8.75,0.29,"Aurobindo Unit III, India",See DN-2551 (ID#:82452),See DN-2551 (ID#:82452),155.35
84711,Tanzania,PMO - US,From RDC,N/A - From RDC,Truck,11-Apr-12,11-Apr-12,ARV,Adult,SCMS from RDC,SKU0026,"Efavirenz 600mg, tablets, 30 Tabs",Generic,30,137269,579275.18,4.22,0.14,"Strides, Bangalore, India.",8474,3279.25,955.8
84712,Burundi,PMO - US,From RDC,N/A - From RDC,Air,26-Apr-12,4-May-12,ARV,Adult,SCMS from RDC,SKU0026,"Efavirenz 600mg, tablets, 30 Tabs",Generic,30,27000,111240,4.12,0.14,"Strides, Bangalore, India.",See DN-2594 (ID#:83021),See DN-2594 (ID#:83021),155.96
84713,Burundi,PMO - US,From RDC,N/A - From RDC,Air,26-Apr-12,9-Apr-12,ARV,Pediatric,SCMS from RDC,SKU0130,"Lamivudine 10mg/ml, oral solution w/syringe, Bottle, 240 ml",Generic,240,240,444,1.85,0.01,"Aurobindo Unit III, India",See DN-2595 (ID#:83577),See DN-2595 (ID#:83577),0.62
84714,Tanzania,PMO - US,From RDC,N/A - From RDC,Truck,4-May-12,11-Apr-12,ARV,Adult,SCMS from RDC,SKU0011,"Lamivudine/Zidovudine 150/300mg, tablets, 60 Tabs",Generic,60,150446,1242683.96,8.26,0.14,Hetero Unit III Hyderabad IN,See DN-2598 (ID#:82465),See DN-2598 (ID#:82465),2050.43
84715,Uganda,PMO - US,From RDC,N/A - From RDC,Truck,16-Apr-12,27-Mar-12,ARV,Adult,SCMS from RDC,SKU0026,"Efavirenz 600mg, tablets, 30 Tabs",Generic,30,24657,101586.84,4.12,0.14,"Strides, Bangalore, India.",1511,7403.01,167.62
84716,Uganda,PMO - US,From RDC,N/A - From RDC,Air,21-Jun-12,27-Mar-12,ARV,Adult,SCMS from RDC,SKU0132,"Efavirenz/Emtricitabine/Tenofovir Disoproxil Fumarate 600/200/300mg, tablets, 30 Tabs",Generic,30,11852,198283.96,16.73,0.56,Mylan (formerly Matrix) Nashik,1342,6340.2,277.99
84717,Zimbabwe,PMO - US,From RDC,N/A - From RDC,Truck,17-Apr-12,7-May-12,ARV,Adult,SCMS from RDC,SKU0011,"Lamivudine/Zidovudine 150/300mg, tablets, 60 Tabs",Generic,60,3345,27629.7,8.26,0.14,"Cipla, Goa, India",See DN-2621 (ID#:83583),See DN-2621 (ID#:83583),45.59
84718,Côte d'Ivoire,PMO - US,From RDC,N/A - From RDC,Air,16-Apr-12,11-Apr-12,ARV,Pediatric,SCMS from RDC,SKU0148,"Didanosine 200mg, delayed-release capsules, 30 Caps",Generic,30,3765,41415,11,0.37,"Aurobindo Unit III, India",See DN-2623 (ID#:83027),See DN-2623 (ID#:83027),58.06
84719,Rwanda,PMO - US,From RDC,N/A - From RDC,Air,29-Jun-12,17-Apr-12,ARV,Pediatric,SCMS from RDC,SKU0066,"Efavirenz 200mg, capsule, 90 Caps",Generic,90,487,4207.68,8.64,0.1,"Aurobindo Unit III, India",66,585.42,5.9
84720,Dominican Republic,PMO - US,From RDC,N/A - From RDC,Air,21-May-12,16-May-12,ARV,Pediatric,SCMS from RDC,SKU0117,"Zidovudine 10mg/ml, oral solution w/syringe, Bottle, 240 ml",Generic,240,1100,2310,2.1,0.01,"Aurobindo Unit III, India",See DN-2639 (ID#:83588),See DN-2639 (ID#:83588),3.24
84721,Libya,PMO - US,From RDC,N/A - From RDC,Air,6-Jun-12,8-May-12,ARV,Adult,SCMS from RDC,SKU0029,"Tenofovir Disoproxil Fumarate 300mg, tablets, 30 Tabs",Generic,30,150,825,5.5,0.18,Mylan (formerly Matrix) Nashik,See DN-2640 (ID#:83589),See DN-2640 (ID#:83589),1.16
84741,Rwanda,PMO - US,From RDC,N/A - From RDC,Air,31-Aug-12,23-Aug-12,ARV,Adult,SCMS from RDC,SKU0026,"Efavirenz 600mg, tablets, 30 Tabs",Generic,30,2000,7820,3.91,0.13,"Aurobindo Unit III, India",See DN-2798 (ID#:83065),See DN-2798 (ID#:83065),10.96
84722,Nigeria,PMO - US,From RDC,N/A - From RDC,Air Charter,20-Jun-12,30-Apr-12,ARV,Adult,SCMS from RDC,SKU0107,"Lamivudine/Tenofovir Disoproxil Fumarate 300/300mg, tablets, 30 Tabs",Generic,30,140273,777112.42,5.54,0.18,Mylan (formerly Matrix) Nashik,11734,27441.22,1089.51
84723,Rwanda,PMO - US,From RDC,N/A - From RDC,Air,29-Jun-12,15-May-12,ARV,Adult,SCMS from RDC,SKU0026,"Efavirenz 600mg, tablets, 30 Tabs",Generic,30,24126,94332.66,3.91,0.13,"Strides, Bangalore, India.",1444,15842.34,132.25
84724,Rwanda,PMO - US,From RDC,N/A - From RDC,Air,8-Jun-12,1-Jun-12,ARV,Pediatric,SCMS from RDC,SKU0071,"Abacavir 20mg/ml, oral solution, Bottle, 240 ml",Generic,240,1004,8534,8.5,0.04,"Cipla, Goa, India",1,3253.88,11.96
84725,Zimbabwe,PMO - US,From RDC,N/A - From RDC,Truck,14-Aug-12,10-May-12,ARV,Adult,SCMS from RDC,SKU0044,"Lamivudine/Nevirapine/Stavudine 150/200/30mg, tablets, 60 Tabs",Generic,60,4050,19035,4.7,0.08,"Strides, Bangalore, India.",Weight Captured Separately,Invoiced Separately,31.41
84726,Rwanda,PMO - US,From RDC,N/A - From RDC,Air,29-Jun-12,1-Jun-12,ARV,Adult,SCMS from RDC,SKU0011,"Lamivudine/Zidovudine 150/300mg, tablets, 60 Tabs",Generic,60,30480,237134.4,7.78,0.13,Mylan (formerly Matrix) Nashik,698,26845.35,332.46
84727,Uganda,PMO - US,From RDC,N/A - From RDC,Air,4-Jul-12,12-Jun-12,ARV,Adult,SCMS from RDC,SKU0007,"Nevirapine 200mg, tablets, 60 Tabs",Generic,60,12974,31656.56,2.44,0.04,Mylan (formerly Matrix) Nashik,See DN-2675 (ID#:83038),See DN-2675 (ID#:83038),44.38
84728,Mozambique,PMO - US,From RDC,N/A - From RDC,Truck,16-May-12,10-May-12,ARV,Adult,SCMS from RDC,SKU0044,"Lamivudine/Nevirapine/Stavudine 150/200/30mg, tablets, 60 Tabs",Generic,60,4050,19035,4.7,0.08,"Strides, Bangalore, India.",Weight Captured Separately,Invoiced Separately,31.41
84729,Rwanda,PMO - US,From RDC,N/A - From RDC,Air,15-Jun-12,1-Jun-12,ARV,Adult,SCMS from RDC,SKU0058,"Abacavir 300mg, tablets, 60 Tabs",Generic,60,12000,157800,13.15,0.22,Mylan (formerly Matrix) Nashik,1239,28202,221.24
84730,Guyana,PMO - US,From RDC,N/A - From RDC,Air,10-Jul-12,18-Jun-12,ARV,Adult,SCMS from RDC,SKU0014,"Zidovudine 300mg, tablets, 60 Tabs",Generic,60,852,5802.12,6.81,0.11,"Aurobindo Unit III, India",46,1255.62,8.13
84731,Zimbabwe,PMO - US,From RDC,N/A - From RDC,Truck,16-Oct-12,27-Jun-12,ARV,Adult,SCMS from RDC,SKU0054,"Lamivudine/Nevirapine/Zidovudine 150/200/300mg, tablets, 60 Tabs",Generic,60,11574,119096.46,10.29,0.17,Mylan (formerly Matrix) Nashik,See DN-2694 (ID#:82483),See DN-2694 (ID#:82483),196.51
84732,Nigeria,PMO - US,From RDC,N/A - From RDC,Air Charter,2-Aug-12,10-Jul-12,ARV,Adult,SCMS from RDC,SKU0105,"Emtricitabine/Tenofovir Disoproxil Fumarate 200/300mg, tablets, 30 Tabs",Generic,30,53000,376830,7.11,0.24,"Aurobindo Unit III, India",5252,21347.13,528.32
84733,Zimbabwe,PMO - US,From RDC,N/A - From RDC,Truck,16-Oct-12,23-Jul-12,ARV,Adult,SCMS from RDC,SKU0107,"Lamivudine/Tenofovir Disoproxil Fumarate 300/300mg, tablets, 30 Tabs",Generic,30,78082,418519.52,5.36,0.18,Mylan (formerly Matrix) Nashik,See DN-2741 (ID#:84180),See DN-2741 (ID#:84180),690.56
84734,Uganda,PMO - US,From RDC,N/A - From RDC,Truck,5-Sep-12,26-Jul-12,ARV,Adult,SCMS from RDC,SKU0132,"Efavirenz/Emtricitabine/Tenofovir Disoproxil Fumarate 600/200/300mg, tablets, 30 Tabs",Generic,30,6150,92496,15.04,0.5,Mylan (formerly Matrix) Nashik,See DN-2744 (ID#:82490),See DN-2744 (ID#:82490),129.68
84735,Uganda,PMO - US,From RDC,N/A - From RDC,Truck,5-Sep-12,26-Jul-12,ARV,Adult,SCMS from RDC,SKU0029,"Tenofovir Disoproxil Fumarate 300mg, tablets, 30 Tabs",Generic,30,804,3875.28,4.82,0.16,Mylan (formerly Matrix) Nashik,See DN-2744 (ID#:82490),See DN-2744 (ID#:82490),5.43
84736,Zambia,PMO - US,From RDC,N/A - From RDC,Truck,31-Jul-12,30-Jul-12,ARV,Adult,SCMS from RDC,SKU0007,"Nevirapine 200mg, tablets, 60 Tabs",Generic,60,16947,41011.74,2.42,0.04,Mylan (formerly Matrix) Nashik,1956,8709,57.5
84737,Côte d'Ivoire,PMO - US,From RDC,N/A - From RDC,Air,31-Jul-12,31-Jul-12,ARV,Adult,SCMS from RDC,SKU0011,"Lamivudine/Zidovudine 150/300mg, tablets, 60 Tabs",Generic,60,336,2614.08,7.78,0.13,Mylan (formerly Matrix) Nashik,27,1845.31,3.66
84738,Nigeria,PMO - US,From RDC,N/A - From RDC,Air Charter,20-Aug-12,14-Aug-12,ARV,Adult,SCMS from RDC,SKU0011,"Lamivudine/Zidovudine 150/300mg, tablets, 60 Tabs",Generic,60,12616,100928,8,0.13,Hetero Unit III Hyderabad IN,See DN-2791 (ID#:83064),See DN-2791 (ID#:83064),141.5
84739,Nigeria,PMO - US,From RDC,N/A - From RDC,Air Charter,20-Aug-12,14-Aug-12,ARV,Adult,SCMS from RDC,SKU0105,"Emtricitabine/Tenofovir Disoproxil Fumarate 200/300mg, tablets, 30 Tabs",Generic,30,41665,296238.15,7.11,0.24,"Aurobindo Unit III, India",5110,18461.22,415.33
84742,Côte d'Ivoire,PMO - US,From RDC,N/A - From RDC,Truck,1-Oct-12,27-Aug-12,ARV,Adult,SCMS from RDC,SKU0125,"Abacavir/Lamivudine/Zidovudine 300/150/300mg, tablets, 60 Tabs",Generic,60,2050,57400,28,0.47,Mylan (formerly Matrix) Nashik,312,2128.15,80.47
84743,Côte d'Ivoire,PMO - US,From RDC,N/A - From RDC,Truck,17-Sep-12,27-Aug-12,ARV,Adult,SCMS from RDC,SKU0135,"Lopinavir/Ritonavir 200/50mg, tablets, 120 Tabs",Generic,120,13033,381997.23,29.31,0.24,"Aurobindo Unit III, India",See DN-2809 (ID#:83616),See DN-2809 (ID#:83616),535.56
84744,"Congo, DRC",PMO - US,From RDC,N/A - From RDC,Air,14-Feb-13,14-Feb-13,ARV,Adult,SCMS from RDC,SKU0007,"Nevirapine 200mg, tablets, 60 Tabs",Generic,60,739,1803.16,2.44,0.04,Hetero Unit III Hyderabad IN,See DN-2812 (ID#:83068),See DN-2812 (ID#:83068),2.53
84745,Côte d'Ivoire,PMO - US,From RDC,N/A - From RDC,Truck,30-Oct-12,27-Aug-12,ARV,Adult,SCMS from RDC,SKU0113,"Efavirenz/Lamivudine/Tenofovir Disoproxil Fumarate 600/300/300mg, tablets, 30 Tabs",Generic,30,40230,533852.1,13.27,0.44,Mylan (formerly Matrix) Nashik,4525,11874.85,748.46
84746,Uganda,PMO - US,From RDC,N/A - From RDC,Truck,30-Oct-12,30-Oct-12,ARV,Adult,SCMS from RDC,SKU0011,"Lamivudine/Zidovudine 150/300mg, tablets, 60 Tabs",Generic,60,5154,39788.88,7.72,0.13,Hetero Unit III Hyderabad IN,429,3293.34,55.78
84747,Côte d'Ivoire,PMO - US,From RDC,N/A - From RDC,Truck,2-Oct-12,27-Aug-12,ARV,Adult,SCMS from RDC,SKU0054,"Lamivudine/Nevirapine/Zidovudine 150/200/300mg, tablets, 60 Tabs",Generic,60,75000,735750,9.81,0.16,Mylan (formerly Matrix) Nashik,14413,11874.85,1031.52
84748,Tanzania,PMO - US,From RDC,N/A - From RDC,Air,26-Oct-12,26-Oct-12,ARV,Adult,SCMS from RDC,SKU0011,"Lamivudine/Zidovudine 150/300mg, tablets, 60 Tabs",Generic,60,147230,1136615.6,7.72,0.13,Hetero Unit III Hyderabad IN,See DN-2820 (ID#:82503),See DN-2820 (ID#:82503),1593.54
84749,Tanzania,PMO - US,From RDC,N/A - From RDC,Air,26-Oct-12,26-Oct-12,ARV,Adult,SCMS from RDC,SKU0026,"Efavirenz 600mg, tablets, 30 Tabs",Generic,30,90000,342900,3.81,0.13,"Aurobindo Unit III, India",7867,21567.19,480.75
84750,Uganda,PMO - US,From RDC,N/A - From RDC,Air,30-Oct-12,30-Oct-12,ARV,Adult,SCMS from RDC,SKU0007,"Nevirapine 200mg, tablets, 60 Tabs",Generic,60,36000,87840,2.44,0.04,"Strides, Bangalore, India.",2026,10095.9,123.15
84751,Uganda,PMO - US,From RDC,N/A - From RDC,Air,18-Oct-12,18-Oct-12,ARV,Adult,SCMS from RDC,SKU0007,"Nevirapine 200mg, tablets, 60 Tabs",Generic,60,635,1549.4,2.44,0.04,"Strides, Bangalore, India.",1779,9325.16,2.17
84752,Zimbabwe,PMO - US,From RDC,N/A - From RDC,Truck,25-Sep-12,3-Sep-12,ARV,Adult,SCMS from RDC,SKU0007,"Nevirapine 200mg, tablets, 60 Tabs",Generic,60,60794,147121.48,2.42,0.04,Mylan (formerly Matrix) Nashik,6003,7423.38,206.26
84753,Côte d'Ivoire,PMO - US,From RDC,N/A - From RDC,Truck,28-Sep-12,10-Sep-12,ARV,Adult,SCMS from RDC,SKU0026,"Efavirenz 600mg, tablets, 30 Tabs",Generic,30,34760,132435.6,3.81,0.13,"Aurobindo Unit III, India",3367,12589.74,185.67
84754,Côte d'Ivoire,PMO - US,From RDC,N/A - From RDC,Truck,28-Sep-12,10-Sep-12,ARV,Adult,SCMS from RDC,SKU0026,"Efavirenz 600mg, tablets, 30 Tabs",Generic,30,5308,20223.48,3.81,0.13,"Strides, Bangalore, India.",See DN-2851 (ID#:84753),See DN-2851 (ID#:84753),28.35
84755,Rwanda,PMO - US,From RDC,N/A - From RDC,Air,26-Oct-12,26-Oct-12,ARV,Adult,SCMS from RDC,SKU0135,"Lopinavir/Ritonavir 200/50mg, tablets, 120 Tabs",Generic,120,965,28641.2,29.68,0.25,Mylan (formerly Matrix) Nashik,See DN-2853 (ID#:83080),See DN-2853 (ID#:83080),40.15
84756,Mozambique,PMO - US,From RDC,N/A - From RDC,Truck,30-Nov-12,10-Oct-12,ARV,Adult,SCMS from RDC,SKU0026,"Efavirenz 600mg, tablets, 30 Tabs",Generic,30,22122,84284.82,3.81,0.13,"Strides, Bangalore, India.",1409,3855.95,118.17
84757,Zambia,PMO - US,From RDC,N/A - From RDC,Truck,10-Oct-12,5-Oct-12,ARV,Adult,SCMS from RDC,SKU0007,"Nevirapine 200mg, tablets, 60 Tabs",Generic,60,100000,242000,2.42,0.04,Hetero Unit III Hyderabad IN,See DN-2865 (ID#:82514),See DN-2865 (ID#:82514),339.28
84758,Uganda,PMO - US,From RDC,N/A - From RDC,Air,25-Oct-12,22-Oct-12,ARV,Adult,SCMS from RDC,SKU0011,"Lamivudine/Zidovudine 150/300mg, tablets, 60 Tabs",Generic,60,7126,55012.72,7.72,0.13,Mylan (formerly Matrix) Nashik,See DN-2873 (ID#:82515),See DN-2873 (ID#:82515),77.13
84759,Tanzania,PMO - US,From RDC,N/A - From RDC,Truck,30-Nov-12,31-Oct-12,ARV,Adult,SCMS from RDC,SKU0058,"Abacavir 300mg, tablets, 60 Tabs",Generic,60,13784,178640.64,12.96,0.22,Mylan (formerly Matrix) Nashik,See DN-2883 (ID#:83630),See DN-2883 (ID#:83630),250.45
84760,Tanzania,PMO - US,From RDC,N/A - From RDC,Truck,30-Nov-12,6-Nov-12,ARV,Pediatric,SCMS from RDC,SKU0093,"Lamivudine/Nevirapine/Stavudine 30/50/6mg, dispersible tablets, 60 Tabs",Generic,60,1975,4542.5,2.3,0.04,"Cipla, Goa, India",See DN-2889 (ID#:83631),See DN-2889 (ID#:83631),6.37
84761,Nigeria,PMO - US,From RDC,N/A - From RDC,Air,6-Nov-12,6-Nov-12,ARV,Adult,SCMS from RDC,SKU0026,"Efavirenz 600mg, tablets, 30 Tabs",Generic,30,120954,440272.56,3.64,0.12,"Aurobindo Unit III, India",11369,15459.09,617.26
84762,Nigeria,PMO - US,From RDC,N/A - From RDC,Air,6-Nov-12,6-Nov-12,ARV,Pediatric,SCMS from RDC,SKU0066,"Efavirenz 200mg, capsule, 90 Caps",Generic,90,2548,21046.48,8.26,0.09,"Aurobindo Unit III, India",370,15459.09,29.51
84763,Nigeria,PMO - US,From RDC,N/A - From RDC,Air,6-Nov-12,6-Nov-12,ARV,Adult,SCMS from RDC,SKU0003,"Lamivudine 150mg, tablets, 60 Tabs",Generic,60,12847,27749.52,2.16,0.04,Hetero Unit III Hyderabad IN,798,15459.09,38.9
84764,Zimbabwe,PMO - US,From RDC,N/A - From RDC,Truck,19-Nov-12,19-Nov-12,ARV,Pediatric,SCMS from RDC,SKU0131,"Lamivudine/Zidovudine 30/60mg, tablets, 60 Tabs",Generic,60,53733,148303.08,2.76,0.05,Mylan (formerly Matrix) Nashik,2232,6933.76,207.92
84765,Uganda,PMO - US,From RDC,N/A - From RDC,Truck,10-Dec-12,19-Nov-12,ARV,Adult,SCMS from RDC,SKU0107,"Lamivudine/Tenofovir Disoproxil Fumarate 300/300mg, tablets, 30 Tabs",Generic,30,22783,122116.88,5.36,0.18,Hetero Unit III Hyderabad IN,See DN-2921 (ID#:82527),See DN-2921 (ID#:82527),171.21
84766,Uganda,PMO - US,From RDC,N/A - From RDC,Air,20-Dec-12,28-Nov-12,ARV,Adult,SCMS from RDC,SKU0058,"Abacavir 300mg, tablets, 60 Tabs",Generic,60,2067,26788.32,12.96,0.22,Mylan (formerly Matrix) Nashik,220,1616.45,37.56
84767,Zimbabwe,PMO - US,From RDC,N/A - From RDC,Truck,19-Dec-12,13-Dec-12,ARV,Adult,SCMS from RDC,SKU0014,"Zidovudine 300mg, tablets, 60 Tabs",Generic,60,35061,237012.36,6.76,0.11,"Cipla, Goa, India",2247,8194.09,391.07
84768,Haiti,PMO - US,From RDC,N/A - From RDC,Air,3-Dec-12,14-Nov-12,ARV,Adult,SCMS from RDC,SKU0058,"Abacavir 300mg, tablets, 60 Tabs",Generic,60,1980,25660.8,12.96,0.22,"Aurobindo Unit III, India",See DN-2934 (ID#:83094),See DN-2934 (ID#:83094),31.74
84769,Haiti,PMO - US,From RDC,N/A - From RDC,Air,3-Dec-12,14-Nov-12,ARV,Adult,SCMS from RDC,SKU0054,"Lamivudine/Nevirapine/Zidovudine 150/200/300mg, tablets, 60 Tabs",Generic,60,9696,93275.52,9.62,0.16,Mylan (formerly Matrix) Nashik,See DN-2934 (ID#:83094),See DN-2934 (ID#:83094),115.38
84770,Côte d'Ivoire,PMO - US,From RDC,N/A - From RDC,Truck,13-Dec-12,3-Dec-12,ARV,Adult,SCMS from RDC,SKU0011,"Lamivudine/Zidovudine 150/300mg, tablets, 60 Tabs",Generic,60,36180,279309.6,7.72,0.13,Mylan (formerly Matrix) Nashik,2907,11320.56,391.59
84771,Nigeria,PMO - US,From RDC,N/A - From RDC,Air,4-Dec-12,4-Dec-12,ARV,Adult,SCMS from RDC,SKU0007,"Nevirapine 200mg, tablets, 60 Tabs",Generic,60,728,1761.76,2.42,0.04,"Aurobindo Unit III, India",See DN-2946 (ID#:82531),See DN-2946 (ID#:82531),2.47
84772,Nigeria,PMO - US,From RDC,N/A - From RDC,Air,4-Dec-12,4-Dec-12,ARV,Adult,SCMS from RDC,SKU0007,"Nevirapine 200mg, tablets, 60 Tabs",Generic,60,35011,84726.62,2.42,0.04,Hetero Unit III Hyderabad IN,See DN-2946 (ID#:82531),See DN-2946 (ID#:82531),118.79
84773,Uganda,PMO - US,From RDC,N/A - From RDC,Air,1-Feb-13,1-Feb-13,ARV,Adult,SCMS from RDC,SKU0007,"Nevirapine 200mg, tablets, 60 Tabs",Generic,60,4290,10381.8,2.42,0.04,Hetero Unit III Hyderabad IN,See DN-2951 (ID#:82532),See DN-2951 (ID#:82532),14.56
84774,Nigeria,PMO - US,From RDC,N/A - From RDC,Air,30-Nov-12,4-Dec-12,ARV,Adult,SCMS from RDC,SKU0107,"Lamivudine/Tenofovir Disoproxil Fumarate 300/300mg, tablets, 30 Tabs",Generic,30,149952,803742.72,5.36,0.18,Hetero Unit III Hyderabad IN,See DN-2945 (ID#:82533),See DN-2945 (ID#:82533),1126.85
84775,Côte d'Ivoire,PMO - US,From RDC,N/A - From RDC,Truck,31-Dec-12,6-Dec-12,ARV,Adult,SCMS from RDC,SKU0026,"Efavirenz 600mg, tablets, 30 Tabs",Generic,30,7640,27809.6,3.64,0.12,"Aurobindo Unit III, India",See DN-2954 (ID#:82534),See DN-2954 (ID#:82534),38.99
84776,Tanzania,PMO - US,From RDC,N/A - From RDC,Truck,28-Feb-13,18-Feb-13,ARV,Pediatric,SCMS from RDC,SKU0108,"Lamivudine/Nevirapine/Stavudine 60/100/12mg, dispersible tablets, 60 Tabs",Generic,60,10727,46126.1,4.3,0.07,"Cipla, Goa, India",945,7579.6,64.67
84777,Zambia,PMO - US,From RDC,N/A - From RDC,Truck,9-Jan-13,7-Jan-13,ARV,Adult,SCMS from RDC,SKU0003,"Lamivudine 150mg, tablets, 60 Tabs",Generic,60,70647,156836.34,2.22,0.04,Hetero Unit III Hyderabad IN,4067,14050.13,219.88
84778,Côte d'Ivoire,PMO - US,From RDC,N/A - From RDC,Truck,31-Jan-13,14-Jan-13,ARV,Pediatric,SCMS from RDC,SKU0140,"Lamivudine/Nevirapine/Zidovudine 30/50/60mg, dispersible tablets, 60 Tabs",Generic,60,5701,23659.15,4.15,0.07,Mylan (formerly Matrix) Nashik,338,3487.55,33.17
84779,Uganda,PMO - US,From RDC,N/A - From RDC,Air,2-Feb-13,2-Feb-13,ARV,Adult,SCMS from RDC,SKU0011,"Lamivudine/Zidovudine 150/300mg, tablets, 60 Tabs",Generic,60,1485,11464.2,7.72,0.13,Mylan (formerly Matrix) Nashik,See DN-2952 (ID#:82537),See DN-2952 (ID#:82537),16.07
84780,Zimbabwe,PMO - US,From RDC,N/A - From RDC,Truck,11-Feb-13,11-Feb-13,ARV,Adult,SCMS from RDC,SKU0026,"Efavirenz 600mg, tablets, 30 Tabs",Generic,30,636,2264.16,3.56,0.12,"Strides, Bangalore, India.",See DN-2989 (ID#:84216),See DN-2989 (ID#:84216),3.17
84781,Zimbabwe,PMO - US,From RDC,N/A - From RDC,Truck,11-Feb-13,11-Feb-13,ARV,Adult,SCMS from RDC,SKU0011,"Lamivudine/Zidovudine 150/300mg, tablets, 60 Tabs",Generic,60,3600,26172,7.27,0.12,"Cipla, Goa, India",See DN-2989 (ID#:84216),See DN-2989 (ID#:84216),36.69
84782,Zimbabwe,PMO - US,From RDC,N/A - From RDC,Truck,11-Feb-13,11-Feb-13,ARV,Adult,SCMS from RDC,SKU0107,"Lamivudine/Tenofovir Disoproxil Fumarate 300/300mg, tablets, 30 Tabs",Generic,30,119481,574703.61,4.81,0.16,"Aurobindo Unit VII, IN",See DN-2989 (ID#:84216),See DN-2989 (ID#:84216),805.73
84783,Nigeria,PMO - US,From RDC,N/A - From RDC,Air Charter,11-Feb-13,11-Feb-13,ARV,Adult,SCMS from RDC,SKU0105,"Emtricitabine/Tenofovir Disoproxil Fumarate 200/300mg, tablets, 30 Tabs",Generic,30,8326,53119.88,6.38,0.21,"Aurobindo Unit III, India",See DN-2994 (ID#:82541),See DN-2994 (ID#:82541),74.47
84784,Nigeria,PMO - US,From RDC,N/A - From RDC,Air Charter,11-Feb-13,11-Feb-13,ARV,Adult,SCMS from RDC,SKU0007,"Nevirapine 200mg, tablets, 60 Tabs",Generic,60,49295,113871.45,2.31,0.04,"Aurobindo Unit III, India",12032,29780.5,159.65
84785,Uganda,PMO - US,From RDC,N/A - From RDC,Air,22-Feb-13,20-Feb-13,ARV,Adult,SCMS from RDC,SKU0135,"Lopinavir/Ritonavir 200/50mg, tablets, 120 Tabs",Generic,120,12440,308014.4,24.76,0.21,"Aurobindo Unit III, India",See DN-3001 (ID#:83651),See DN-3001 (ID#:83651),381.01
84786,Uganda,PMO - US,From RDC,N/A - From RDC,Air,22-Feb-13,20-Feb-13,ARV,Adult,SCMS from RDC,SKU0029,"Tenofovir Disoproxil Fumarate 300mg, tablets, 30 Tabs",Generic,30,240,969.6,4.04,0.13,Mylan (formerly Matrix) Nashik,See DN-3001 (ID#:83651),See DN-3001 (ID#:83651),1.2
84787,Haiti,PMO - US,From RDC,N/A - From RDC,Air,9-Apr-13,3-Jan-13,ARV,Pediatric,SCMS from RDC,SKU0093,"Lamivudine/Nevirapine/Stavudine 30/50/6mg, dispersible tablets, 60 Tabs",Generic,60,562,1292.6,2.3,0.04,"Cipla, Goa, India",See DN-3014 (ID#:83655),See DN-3014 (ID#:83655),1.6
84788,Côte d'Ivoire,PMO - US,From RDC,N/A - From RDC,Truck,27-Mar-13,28-Feb-13,ARV,Adult,SCMS from RDC,SKU0026,"Efavirenz 600mg, tablets, 30 Tabs",Generic,30,30000,99900,3.33,0.11,"Hetero, Jadcherla, unit 5, IN",See DN-3023 (ID#:83111),See DN-3023 (ID#:83111),140.06
84789,Zimbabwe,PMO - US,From RDC,N/A - From RDC,Truck,14-Mar-13,14-Mar-13,ARV,Adult,SCMS from RDC,SKU0011,"Lamivudine/Zidovudine 150/300mg, tablets, 60 Tabs",Generic,60,3600,26172,7.27,0.12,"Aurobindo Unit III, India",See DN-3030 (ID#:82549),See DN-3030 (ID#:82549),36.69
84790,Zimbabwe,PMO - US,From RDC,N/A - From RDC,Truck,14-Mar-13,14-Mar-13,ARV,Adult,SCMS from RDC,SKU0007,"Nevirapine 200mg, tablets, 60 Tabs",Generic,60,176693,399326.18,2.26,0.04,Hetero Unit III Hyderabad IN,See DN-3030 (ID#:82549),See DN-3030 (ID#:82549),559.86
84791,Uganda,PMO - US,From RDC,N/A - From RDC,Air,29-Mar-13,1-Mar-13,ARV,Adult,SCMS from RDC,SKU0011,"Lamivudine/Zidovudine 150/300mg, tablets, 60 Tabs",Generic,60,25680,186693.6,7.27,0.12,"Aurobindo Unit III, India",3988,39037.7,230.94
84792,Haiti,PMO - US,From RDC,N/A - From RDC,Air,30-Apr-13,15-Mar-13,ARV,Adult,SCMS from RDC,SKU0041,"Stavudine 15mg, capsules, 60 Caps",Generic,60,216,285.12,1.32,0.02,"Aurobindo Unit III, India",165,3048.08,0.35
84793,Haiti,PMO - US,From RDC,N/A - From RDC,Air,9-Apr-13,14-Mar-13,ARV,Adult,SCMS from RDC,SKU0003,"Lamivudine 150mg, tablets, 60 Tabs",Generic,60,1980,3940.2,1.99,0.03,Hetero Unit III Hyderabad IN,See DN-3015 (ID#:82554),See DN-3015 (ID#:82554),4.87
84794,Haiti,PMO - US,From RDC,N/A - From RDC,Air,9-Apr-13,14-Mar-13,ARV,Pediatric,SCMS from RDC,SKU0131,"Lamivudine/Zidovudine 30/60mg, tablets, 60 Tabs",Generic,60,7392,16705.92,2.26,0.04,"Aurobindo Unit III, India",See DN-3015 (ID#:82554),See DN-3015 (ID#:82554),20.67
84795,Côte d'Ivoire,PMO - US,From RDC,N/A - From RDC,Truck,30-Apr-13,8-Mar-13,ARV,Adult,SCMS from RDC,SKU0029,"Tenofovir Disoproxil Fumarate 300mg, tablets, 30 Tabs",Generic,30,4500,18180,4.04,0.13,Mylan (formerly Matrix) Nashik,See DN-3046 (ID#:83119),See DN-3046 (ID#:83119),25.49
84796,Zimbabwe,PMO - US,From RDC,N/A - From RDC,Truck,30-Apr-13,23-Mar-13,ARV,Adult,SCMS from RDC,SKU0007,"Nevirapine 200mg, tablets, 60 Tabs",Generic,60,40869,92363.94,2.26,0.04,Hetero Unit III Hyderabad IN,2520,15000,114.25
84797,Zambia,PMO - US,From RDC,N/A - From RDC,Truck,25-Jun-13,22-Mar-13,ARV,Adult,SCMS from RDC,SKU0007,"Nevirapine 200mg, tablets, 60 Tabs",Generic,60,40000,92400,2.31,0.04,Hetero Unit III Hyderabad IN,2452,5520.86,114.3
84859,Guyana,PMO - US,From RDC,N/A - From RDC,Air,30-Sep-13,11-Oct-13,ARV,Adult,SCMS from RDC,SKU0014,"Zidovudine 300mg, tablets, 60 Tabs",Generic,60,1300,8333,6.41,0.11,Hetero Unit III Hyderabad IN,77,1149.07,10.31
84798,Zimbabwe,PMO - US,From RDC,N/A - From RDC,Truck,31-May-13,14-Mar-13,ARV,Adult,SCMS from RDC,SKU0113,"Efavirenz/Lamivudine/Tenofovir Disoproxil Fumarate 600/300/300mg, tablets, 30 Tabs",Generic,30,20160,244137.6,12.11,0.4,Mylan (formerly Matrix) Nashik,2268,9405.8,302
84799,Mozambique,PMO - US,From RDC,N/A - From RDC,Truck,8-Apr-13,16-Apr-13,ARV,Adult,SCMS from RDC,SKU0113,"Efavirenz/Lamivudine/Tenofovir Disoproxil Fumarate 600/300/300mg, tablets, 30 Tabs",Generic,30,97351,1178920.61,12.11,0.4,Mylan (formerly Matrix) Nashik,11667,4120.7,1652.85
84800,Uganda,PMO - US,From RDC,N/A - From RDC,Air,25-Apr-13,25-Apr-13,ARV,Adult,SCMS from RDC,SKU0007,"Nevirapine 200mg, tablets, 60 Tabs",Generic,60,1276,2883.76,2.26,0.04,Hetero Unit III Hyderabad IN,See DN-3069 (ID#:83124),See DN-3069 (ID#:83124),3.57
84801,South Sudan,PMO - US,From RDC,N/A - From RDC,Air,17-Apr-13,23-Apr-13,ARV,Pediatric,SCMS from RDC,SKU0142,"Efavirenz 200mg, scored tablets, 90 Tabs",Generic,90,66,481.8,7.3,0.08,"Strides, Bangalore, India.",See DN-3080 (ID#:82562),See DN-3080 (ID#:82562),0.6
84802,Zimbabwe,PMO - US,From RDC,N/A - From RDC,Truck,31-May-13,8-Apr-13,ARV,Pediatric,SCMS from RDC,SKU0145,"Abacavir 20mg/ml, oral solution w/syringe, Bottle, 240 ml",Generic,240,442,5339.36,12.08,0.05,"Aurobindo Unit III, India",118,8600,6.6
84803,Burundi,PMO - US,From RDC,N/A - From RDC,Air,2-May-13,10-May-13,ARV,Pediatric,SCMS from RDC,SKU0130,"Lamivudine 10mg/ml, oral solution w/syringe, Bottle, 240 ml",Generic,240,552,1021.2,1.85,0.01,"Aurobindo Unit III, India",See DN-3096 (ID#:83671),See DN-3096 (ID#:83671),1.26
84804,Dominican Republic,PMO - US,From RDC,N/A - From RDC,Air,24-Apr-13,2-Apr-13,ARV,Pediatric,SCMS from RDC,SKU0140,"Lamivudine/Nevirapine/Zidovudine 30/50/60mg, dispersible tablets, 60 Tabs",Generic,60,1152,4780.8,4.15,0.07,Mylan (formerly Matrix) Nashik,78,1342.44,5.91
84805,Côte d'Ivoire,PMO - US,From RDC,N/A - From RDC,Truck,28-Mar-13,30-Mar-13,ARV,Adult,SCMS from RDC,SKU0011,"Lamivudine/Zidovudine 150/300mg, tablets, 60 Tabs",Generic,60,86152,626325.04,7.27,0.12,"Aurobindo Unit III, India",See DN-3075 (ID#:83129),See DN-3075 (ID#:83129),878.11
84806,Guyana,PMO - US,From RDC,N/A - From RDC,Air,18-Apr-13,19-Apr-13,ARV,Pediatric,SCMS from RDC,SKU0126,"Nevirapine 10mg/ml, oral suspension w/syringe, Bottle, 240 ml",Generic,240,583,1136.85,1.95,0.01,"Aurobindo Unit III, India",See DN-3099 (ID#:82566),See DN-3099 (ID#:82566),1.41
84808,Mozambique,PMO - US,From RDC,N/A - From RDC,Air,4-Jul-13,4-Jul-13,ARV,Adult,SCMS from RDC,SKU0104,"Lamivudine/Stavudine 150/30mg, tablets, 60 Tabs",Generic,60,8807,22898.2,2.6,0.04,Hetero Unit III Hyderabad IN,See DN-3108 (ID#:82568),See DN-3108 (ID#:82568),28.33
84809,Mozambique,PMO - US,From RDC,N/A - From RDC,Truck,6-Jun-13,20-Jun-13,ARV,Adult,SCMS from RDC,SKU0011,"Lamivudine/Zidovudine 150/300mg, tablets, 60 Tabs",Generic,60,100000,727000,7.27,0.12,Hetero Unit III Hyderabad IN,36920,7852.98,899.3
84810,Uganda,PMO - US,From RDC,N/A - From RDC,Truck,7-Jun-13,7-Jun-13,ARV,Adult,SCMS from RDC,SKU0029,"Tenofovir Disoproxil Fumarate 300mg, tablets, 30 Tabs",Generic,30,192,775.68,4.04,0.13,Mylan (formerly Matrix) Nashik,See DN-3122 (ID#:82570),See DN-3122 (ID#:82570),0.96
84811,Uganda,PMO - US,From RDC,N/A - From RDC,Air,9-Aug-13,9-Aug-13,ARV,Adult,SCMS from RDC,SKU0107,"Lamivudine/Tenofovir Disoproxil Fumarate 300/300mg, tablets, 30 Tabs",Generic,30,1613,7581.1,4.7,0.16,"Aurobindo Unit VII, IN",See DN-3121 (ID#:83677),See DN-3121 (ID#:83677),9.38
84812,Zimbabwe,PMO - US,From RDC,N/A - From RDC,Truck,6-May-13,29-Apr-13,ARV,Adult,SCMS from RDC,SKU0107,"Lamivudine/Tenofovir Disoproxil Fumarate 300/300mg, tablets, 30 Tabs",Generic,30,100000,470000,4.7,0.16,Hetero Unit III Hyderabad IN,See DN-3131 (ID#:83136),See DN-3131 (ID#:83136),581.39
84813,South Sudan,PMO - US,From RDC,N/A - From RDC,Air,28-Jun-13,17-May-13,ARV,Adult,SCMS from RDC,SKU0003,"Lamivudine 150mg, tablets, 60 Tabs",Generic,60,270,537.3,1.99,0.03,Hetero Unit III Hyderabad IN,15,735.24,0.66
84814,Nigeria,PMO - US,From RDC,N/A - From RDC,Air Charter,4-Jun-13,3-May-13,ARV,Adult,SCMS from RDC,SKU0026,"Efavirenz 600mg, tablets, 30 Tabs",Generic,30,80000,266400,3.33,0.11,"Strides, Bangalore, India.",4847,14547.55,329.54
84816,Uganda,PMO - US,From RDC,N/A - From RDC,Truck,28-Jun-13,7-Jun-13,ARV,Adult,SCMS from RDC,SKU0011,"Lamivudine/Zidovudine 150/300mg, tablets, 60 Tabs",Generic,60,3173,22211,7,0.12,"Cipla, Goa, India",See DN-3153 (ID#:82575),See DN-3153 (ID#:82575),27.48
84817,Tanzania,PMO - US,From RDC,N/A - From RDC,Truck,23-Aug-13,14-May-13,ARV,Pediatric,SCMS from RDC,SKU0108,"Lamivudine/Nevirapine/Stavudine 60/100/12mg, dispersible tablets, 60 Tabs",Generic,60,12106,52055.8,4.3,0.07,"Cipla, Goa, India",See DN-3155 (ID#:84260),See DN-3155 (ID#:84260),64.39
84819,Zambia,PMO - US,From RDC,N/A - From RDC,Truck,31-May-13,28-May-13,ARV,Adult,SCMS from RDC,SKU0132,"Efavirenz/Emtricitabine/Tenofovir Disoproxil Fumarate 600/200/300mg, tablets, 30 Tabs",Generic,30,249965,3239546.4,12.96,0.43,Mylan (formerly Matrix) Nashik,28182,17650.15,4541.84
84820,Nigeria,PMO - US,From RDC,N/A - From RDC,Air Charter,28-May-13,3-May-13,ARV,Adult,SCMS from RDC,SKU0113,"Efavirenz/Lamivudine/Tenofovir Disoproxil Fumarate 600/300/300mg, tablets, 30 Tabs",Generic,30,100000,1052000,10.52,0.35,Hetero Unit III Hyderabad IN,14783,14547.55,1301.32
84821,Zambia,PMO - US,From RDC,N/A - From RDC,Truck,28-Jun-13,7-Jun-13,ARV,Adult,SCMS from RDC,SKU0011,"Lamivudine/Zidovudine 150/300mg, tablets, 60 Tabs",Generic,60,87384,611688,7,0.12,"Aurobindo Unit III, India",See DN-3186 (ID#:83688),See DN-3186 (ID#:83688),857.59
84822,Mozambique,PMO - US,From RDC,N/A - From RDC,Truck,26-Jul-13,26-Jul-13,ARV,Adult,SCMS from RDC,SKU0113,"Efavirenz/Lamivudine/Tenofovir Disoproxil Fumarate 600/300/300mg, tablets, 30 Tabs",Generic,30,7044,74102.88,10.52,0.35,Mylan (formerly Matrix) Nashik,Weight Captured Separately,Freight Included in Commodity Cost,91.67
84824,Nigeria,PMO - US,From RDC,N/A - From RDC,Air Charter,4-Jun-13,29-May-13,ARV,Adult,SCMS from RDC,SKU0026,"Efavirenz 600mg, tablets, 30 Tabs",Generic,30,63610,211821.3,3.33,0.11,"Aurobindo Unit III, India",See DN-3199 (ID#:84270),See DN-3199 (ID#:84270),262.02
84825,Côte d'Ivoire,PMO - US,From RDC,N/A - From RDC,Truck,6-Jul-13,19-Jul-13,ARV,Adult,SCMS from RDC,SKU0113,"Efavirenz/Lamivudine/Tenofovir Disoproxil Fumarate 600/300/300mg, tablets, 30 Tabs",Generic,30,46600,490232,10.52,0.35,Hetero Unit III Hyderabad IN,6107,23753.64,687.31
84826,Zambia,PMO - US,From RDC,N/A - From RDC,Truck,25-Jun-13,7-Jun-13,ARV,Adult,SCMS from RDC,SKU0007,"Nevirapine 200mg, tablets, 60 Tabs",Generic,60,120000,271200,2.26,0.04,"Aurobindo Unit III, India",11419,11941.65,335.47
84827,Nigeria,PMO - US,From RDC,N/A - From RDC,Air Charter,31-May-13,30-May-13,ARV,Adult,SCMS from RDC,SKU0135,"Lopinavir/Ritonavir 200/50mg, tablets, 120 Tabs",Generic,120,3831,83439.18,21.78,0.18,"Aurobindo Unit III, India",1094,20761,103.21
84828,Uganda,PMO - US,From RDC,N/A - From RDC,Air,31-Jul-13,18-Jul-13,ARV,Adult,SCMS from RDC,SKU0113,"Efavirenz/Lamivudine/Tenofovir Disoproxil Fumarate 600/300/300mg, tablets, 30 Tabs",Generic,30,10415,109565.8,10.52,0.35,Hetero Unit III Hyderabad IN,1400,5718.69,135.53
84829,Cameroon,PMO - US,From RDC,N/A - From RDC,Air Charter,22-Jul-13,14-Jul-13,ARV,Adult,SCMS from RDC,SKU0107,"Lamivudine/Tenofovir Disoproxil Fumarate 300/300mg, tablets, 30 Tabs",Generic,30,5800,27260,4.7,0.16,"Aurobindo Unit VII, IN",See DN-3228 (ID#:82588),See DN-3228 (ID#:82588),33.72
84830,Cameroon,PMO - US,From RDC,N/A - From RDC,Air Charter,22-Jul-13,31-Jul-13,ARV,Adult,SCMS from RDC,SKU0054,"Lamivudine/Nevirapine/Zidovudine 150/200/300mg, tablets, 60 Tabs",Generic,60,70000,600600,8.58,0.14,"Aurobindo Unit III, India",See DN-3227 (ID#:82589),See DN-3227 (ID#:82589),742.94
84831,Zimbabwe,PMO - US,From RDC,N/A - From RDC,Truck,31-Jul-13,6-Aug-13,ARV,Adult,SCMS from RDC,SKU0007,"Nevirapine 200mg, tablets, 60 Tabs",Generic,60,23090,52183.4,2.26,0.04,"Strides, Bangalore, India.",394,11133.66,64.55
84832,Côte d'Ivoire,PMO - US,From RDC,N/A - From RDC,Truck,1-Aug-13,23-Jul-13,ARV,Adult,SCMS from RDC,SKU0029,"Tenofovir Disoproxil Fumarate 300mg, tablets, 30 Tabs",Generic,30,3000,12120,4.04,0.13,Mylan (formerly Matrix) Nashik,188,1478.35,14.99
84833,Côte d'Ivoire,PMO - US,From RDC,N/A - From RDC,Truck,31-Oct-13,21-Aug-13,ARV,Adult,SCMS from RDC,SKU0029,"Tenofovir Disoproxil Fumarate 300mg, tablets, 30 Tabs",Generic,30,1644,6641.76,4.04,0.13,Mylan (formerly Matrix) Nashik,97,1620.19,8.22
84835,Nigeria,PMO - US,From RDC,N/A - From RDC,Air Charter,21-Aug-13,30-Jul-13,ARV,Adult,SCMS from RDC,SKU0135,"Lopinavir/Ritonavir 200/50mg, tablets, 120 Tabs",Generic,120,63353,1330413,21,0.18,Mylan (formerly Matrix) Nashik,32671,Freight Included in Commodity Cost,1645.72
84836,Nigeria,PMO - US,From RDC,N/A - From RDC,Air Charter,21-Aug-13,30-Jul-13,ARV,Adult,SCMS from RDC,SKU0135,"Lopinavir/Ritonavir 200/50mg, tablets, 120 Tabs",Generic,120,6000,126000,21,0.18,Hetero Unit III Hyderabad IN,Weight Captured Separately,Freight Included in Commodity Cost,155.86
84837,Nigeria,PMO - US,From RDC,N/A - From RDC,Air Charter,21-Aug-13,30-Jul-13,ARV,Adult,SCMS from RDC,SKU0135,"Lopinavir/Ritonavir 200/50mg, tablets, 120 Tabs",Generic,120,43169,906549,21,0.18,"Aurobindo Unit III, India",Weight Captured Separately,Freight Included in Commodity Cost,1121.4
84838,South Sudan,PMO - US,From RDC,N/A - From RDC,Truck,26-Aug-13,26-Aug-13,ARV,Adult,SCMS from RDC,SKU0007,"Nevirapine 200mg, tablets, 60 Tabs",Generic,60,225,508.5,2.26,0.04,Hetero Unit III Hyderabad IN,81,1641,0.63
84839,Burundi,PMO - US,From RDC,N/A - From RDC,Air,16-Aug-13,22-Aug-13,ARV,Adult,SCMS from RDC,SKU0054,"Lamivudine/Nevirapine/Zidovudine 150/200/300mg, tablets, 60 Tabs",Generic,60,960,7958.4,8.29,0.14,"Strides, Bangalore, India.",111,1047.34,9.84
84841,Uganda,PMO - US,From RDC,N/A - From RDC,Air,29-Aug-13,13-Sep-13,ARV,Adult,SCMS from RDC,SKU0008,"Lopinavir/Ritonavir 200/50mg [Aluvia], tablets, 120 Tabs",Aluvia,120,12022,243084.84,20.22,0.17,ABBVIE Ludwigshafen Germany,See DN-3267 (ID#:83708),See DN-3267 (ID#:83708),300.7
84842,"Congo, DRC",PMO - US,From RDC,N/A - From RDC,Air,27-Aug-13,8-Feb-14,ARV,Adult,SCMS from RDC,SKU0054,"Lamivudine/Nevirapine/Zidovudine 150/200/300mg, tablets, 60 Tabs",Generic,60,20697,177580.26,8.58,0.14,Mylan (formerly Matrix) Nashik,See DN-3268 (ID#:82595),See DN-3268 (ID#:82595),219.67
84843,Côte d'Ivoire,PMO - US,From RDC,N/A - From RDC,Truck,15-Aug-13,14-Aug-13,ARV,Adult,SCMS from RDC,SKU0107,"Lamivudine/Tenofovir Disoproxil Fumarate 300/300mg, tablets, 30 Tabs",Generic,30,8000,37600,4.7,0.16,Hetero Unit III Hyderabad IN,315,10807.98,52.72
84844,Mozambique,PMO - US,From RDC,N/A - From RDC,Truck,13-Nov-13,13-Nov-13,ARV,Adult,SCMS from RDC,SKU0014,"Zidovudine 300mg, tablets, 60 Tabs",Generic,60,43680,285667.2,6.54,0.11,"Aurobindo Unit III, India",6535,5950.16,353.37
84846,Tanzania,PMO - US,From RDC,N/A - From RDC,Truck,15-Oct-13,10-Sep-13,ARV,Adult,SCMS from RDC,SKU0105,"Emtricitabine/Tenofovir Disoproxil Fumarate 200/300mg, tablets, 30 Tabs",Generic,30,19086,112034.82,5.87,0.2,"Aurobindo Unit III, India",See DN-3295 (ID#:83155),See DN-3295 (ID#:83155),138.59
84847,Tanzania,PMO - US,From RDC,N/A - From RDC,Truck,15-Oct-13,10-Sep-13,ARV,Adult,SCMS from RDC,SKU0058,"Abacavir 300mg, tablets, 60 Tabs",Generic,60,3342,38299.32,11.46,0.19,"Aurobindo Unit III, India",See DN-3295 (ID#:83155),See DN-3295 (ID#:83155),47.38
84848,Uganda,PMO - US,From RDC,N/A - From RDC,Truck,12-Sep-13,16-Oct-13,ARV,Adult,SCMS from RDC,SKU0058,"Abacavir 300mg, tablets, 60 Tabs",Generic,60,2880,33004.8,11.46,0.19,"Aurobindo Unit III, India",See DN-3296 (ID#:83156),See DN-3296 (ID#:83156),40.83
84849,Zimbabwe,PMO - US,From RDC,N/A - From RDC,Truck,30-Sep-13,20-Sep-13,ARV,Pediatric,SCMS from RDC,SKU0145,"Abacavir 20mg/ml, oral solution w/syringe, Bottle, 240 ml",Generic,240,435,5254.8,12.08,0.05,"Aurobindo Unit III, India",116,3100,6.5
84850,Tanzania,PMO - US,From RDC,N/A - From RDC,Truck,31-Oct-13,27-Sep-13,ARV,Pediatric,SCMS from RDC,SKU0140,"Lamivudine/Nevirapine/Zidovudine 30/50/60mg, dispersible tablets, 60 Tabs",Generic,60,80322,312452.58,3.89,0.06,Mylan (formerly Matrix) Nashik,See DN-3316 (ID#:83160),See DN-3316 (ID#:83160),386.5
84851,Zambia,PMO - US,From RDC,N/A - From RDC,Truck,22-Oct-13,22-Oct-13,ARV,Adult,SCMS from RDC,SKU0007,"Nevirapine 200mg, tablets, 60 Tabs",Generic,60,52483,118611.58,2.26,0.04,Hetero Unit III Hyderabad IN,3832,4356.74,146.72
84852,Zambia,PMO - US,From RDC,N/A - From RDC,Truck,22-Oct-13,22-Oct-13,ARV,Pediatric,SCMS from RDC,SKU0140,"Lamivudine/Nevirapine/Zidovudine 30/50/60mg, dispersible tablets, 60 Tabs",Generic,60,14404,56031.56,3.89,0.06,"Strides, Bangalore, India.",See DN-3317 (ID#:84851),See DN-3317 (ID#:84851),69.31
84853,Mozambique,PMO - US,From RDC,N/A - From RDC,Truck,31-Oct-13,31-Oct-13,ARV,Adult,SCMS from RDC,SKU0044,"Lamivudine/Nevirapine/Stavudine 150/200/30mg, tablets, 60 Tabs",Generic,60,87707,378894.24,4.32,0.07,"Strides, Bangalore, India.",See DN-3318 (ID#:83716),See DN-3318 (ID#:83716),468.69
84854,Nigeria,PMO - US,From RDC,N/A - From RDC,Air Charter,18-Sep-13,12-Sep-13,ARV,Adult,SCMS from RDC,SKU0054,"Lamivudine/Nevirapine/Zidovudine 150/200/300mg, tablets, 60 Tabs",Generic,60,17782,152569.56,8.58,0.14,Hetero Unit III Hyderabad IN,Weight Captured Separately,41352.75,188.73
84855,Côte d'Ivoire,PMO - US,From RDC,N/A - From RDC,Truck,30-Sep-13,20-Sep-13,ARV,Adult,SCMS from RDC,SKU0054,"Lamivudine/Nevirapine/Zidovudine 150/200/300mg, tablets, 60 Tabs",Generic,60,60000,495600,8.26,0.14,Hetero Unit III Hyderabad IN,8750,28864.27,613.06
84856,Guyana,PMO - US,From RDC,N/A - From RDC,Air,14-Oct-13,7-Oct-13,ARV,Adult,SCMS from RDC,SKU0003,"Lamivudine 150mg, tablets, 60 Tabs",Generic,60,140,278.6,1.99,0.03,Hetero Unit III Hyderabad IN,9,1118.22,0.34
84857,Zimbabwe,PMO - US,From RDC,N/A - From RDC,Truck,30-Sep-13,9-Oct-13,ARV,Adult,SCMS from RDC,SKU0007,"Nevirapine 200mg, tablets, 60 Tabs",Generic,60,131520,303811.2,2.31,0.04,Hetero Unit III Hyderabad IN,See DN-3337 (ID#:84290),See DN-3337 (ID#:84290),375.81
84858,Mozambique,PMO - US,From RDC,N/A - From RDC,Truck,31-Oct-13,13-Nov-13,ARV,Adult,SCMS from RDC,SKU0011,"Lamivudine/Zidovudine 150/300mg, tablets, 60 Tabs",Generic,60,21984,159823.68,7.27,0.12,"Aurobindo Unit III, India",See DN-3339 (ID#:83718),See DN-3339 (ID#:83718),197.7
84860,Tanzania,PMO - US,From RDC,N/A - From RDC,Truck,28-Oct-13,1-Nov-13,ARV,Pediatric,SCMS from RDC,SKU0142,"Efavirenz 200mg, scored tablets, 90 Tabs",Generic,90,5117,47588.1,9.3,0.1,"Strides, Bangalore, India.",333,1956,58.87
84863,Zambia,PMO - US,From RDC,N/A - From RDC,Truck,24-Nov-13,29-Nov-13,ARV,Adult,SCMS from RDC,SKU0132,"Efavirenz/Emtricitabine/Tenofovir Disoproxil Fumarate 600/200/300mg, tablets, 30 Tabs",Generic,30,66205,814321.5,12.3,0.41,Mylan (formerly Matrix) Nashik,12121,Freight Included in Commodity Cost,1007.32
84864,Zambia,PMO - US,From RDC,N/A - From RDC,Truck,24-Jan-14,24-Jan-14,ARV,Adult,SCMS from RDC,SKU0132,"Efavirenz/Emtricitabine/Tenofovir Disoproxil Fumarate 600/200/300mg, tablets, 30 Tabs",Generic,30,100619,1237613.7,12.3,0.41,"Cipla, Goa, India",47387,30981.39,1530.93
84865,Nigeria,PMO - US,From RDC,N/A - From RDC,Air Charter,18-Nov-13,14-Oct-13,ARV,Adult,SCMS from RDC,SKU0113,"Efavirenz/Lamivudine/Tenofovir Disoproxil Fumarate 600/300/300mg, tablets, 30 Tabs",Generic,30,100000,1115000,11.15,0.37,Mylan (formerly Matrix) Nashik,See DN-3368 (ID#:83730),See DN-3368 (ID#:83730),1379.26
84866,Zambia,PMO - US,From RDC,N/A - From RDC,Truck,20-Nov-13,29-Nov-13,ARV,Adult,SCMS from RDC,SKU0058,"Abacavir 300mg, tablets, 60 Tabs",Generic,60,11833,135606.18,11.46,0.19,Mylan (formerly Matrix) Nashik,Weight Captured Separately,Invoiced Separately,167.74
84867,Nigeria,PMO - US,From RDC,N/A - From RDC,Air Charter,7-Nov-13,21-Oct-13,ARV,Adult,SCMS from RDC,SKU0014,"Zidovudine 300mg, tablets, 60 Tabs",Generic,60,4068,25425,6.25,0.1,"Aurobindo Unit III, India",268,20225.07,26.14
84868,Rwanda,PMO - US,From RDC,N/A - From RDC,Truck,31-Jan-14,23-Dec-13,ARV,Pediatric,SCMS from RDC,SKU0145,"Abacavir 20mg/ml, oral solution w/syringe, Bottle, 240 ml",Generic,240,6816,58004.16,8.51,0.04,"Aurobindo Unit III, India",See DN-3421 (ID#:82617),See DN-3421 (ID#:82617),71.75
84869,Guyana,PMO - US,From RDC,N/A - From RDC,Air,31-Dec-13,2-Dec-13,ARV,Pediatric,SCMS from RDC,SKU0117,"Zidovudine 10mg/ml, oral solution w/syringe, Bottle, 240 ml",Generic,240,225,472.5,2.1,0.01,"Aurobindo Unit III, India",See DN-3425 (ID#:82618),See DN-3425 (ID#:82618),0.58
84870,Mozambique,PMO - US,From RDC,N/A - From RDC,Truck,29-Nov-13,30-Jan-14,ARV,Adult,SCMS from RDC,SKU0014,"Zidovudine 300mg, tablets, 60 Tabs",Generic,60,13290,74158.2,5.58,0.09,Hetero Unit III Hyderabad IN,See DN-3428 (ID#:83186),See DN-3428 (ID#:83186),91.73
84873,Rwanda,PMO - US,From RDC,N/A - From RDC,Truck,17-Jan-14,17-Jan-14,ARV,Adult,SCMS from RDC,SKU0113,"Efavirenz/Lamivudine/Tenofovir Disoproxil Fumarate 600/300/300mg, tablets, 30 Tabs",Generic,30,64500,719175,11.15,0.37,Mylan (formerly Matrix) Nashik,7248,11571.94,889.62
84874,Tanzania,PMO - US,From RDC,N/A - From RDC,Truck,31-Dec-13,25-Feb-14,ARV,Pediatric,SCMS from RDC,SKU0093,"Lamivudine/Nevirapine/Stavudine 30/50/6mg, dispersible tablets, 60 Tabs",Generic,60,9301,21392.3,2.3,0.04,"Cipla, Goa, India",See DN-3458 (ID#:83196),See DN-3458 (ID#:83196),26.46
84875,Tanzania,PMO - US,From RDC,N/A - From RDC,Truck,31-Dec-13,25-Feb-14,ARV,Pediatric,SCMS from RDC,SKU0108,"Lamivudine/Nevirapine/Stavudine 60/100/12mg, dispersible tablets, 60 Tabs",Generic,60,7894,33944.2,4.3,0.07,"Cipla, Goa, India",See DN-3458 (ID#:83196),See DN-3458 (ID#:83196),41.99
84876,Côte d'Ivoire,PMO - US,From RDC,N/A - From RDC,Air,31-Jan-14,10-Jan-14,ARV,Pediatric,SCMS from RDC,SKU0140,"Lamivudine/Nevirapine/Zidovudine 30/50/60mg, dispersible tablets, 60 Tabs",Generic,60,2200,8250,3.75,0.06,"Cipla, Goa, India",192,3649.76,10.21
84877,Burundi,PMO - US,From RDC,N/A - From RDC,Air,15-Nov-13,22-Nov-13,ARV,Adult,SCMS from RDC,SKU0135,"Lopinavir/Ritonavir 200/50mg, tablets, 120 Tabs",Generic,120,27,567,21,0.18,"Aurobindo Unit III, India",See DN-3381 (ID#:84319),See DN-3381 (ID#:84319),0.7
84879,Mozambique,PMO - US,From RDC,N/A - From RDC,Truck,20-Mar-14,28-Mar-14,ARV,Adult,SCMS from RDC,SKU0113,"Efavirenz/Lamivudine/Tenofovir Disoproxil Fumarate 600/300/300mg, tablets, 30 Tabs",Generic,30,70000,780500,11.15,0.37,"Aurobindo Unit VII, IN",18957,16813.62,965.48
84880,Zimbabwe,PMO - US,From RDC,N/A - From RDC,Truck,14-Feb-14,10-Feb-14,ARV,Pediatric,SCMS from RDC,SKU0140,"Lamivudine/Nevirapine/Zidovudine 30/50/60mg, dispersible tablets, 60 Tabs",Generic,60,841,3153.75,3.75,0.06,"Cipla, Goa, India",73,1500,3.9
84883,Nigeria,PMO - US,From RDC,N/A - From RDC,Air Charter,17-Jan-14,10-Jan-14,ARV,Adult,SCMS from RDC,SKU0113,"Efavirenz/Lamivudine/Tenofovir Disoproxil Fumarate 600/300/300mg, tablets, 30 Tabs",Generic,30,14,156.1,11.15,0.37,Hetero Unit III Hyderabad IN,38142,49199.75,0.19
84884,Côte d'Ivoire,PMO - US,From RDC,N/A - From RDC,Air,31-Jan-14,18-Jan-14,ARV,Pediatric,SCMS from RDC,SKU0126,"Nevirapine 10mg/ml, oral suspension w/syringe, Bottle, 240 ml",Generic,240,4000,7440,1.86,0.01,"Aurobindo Unit III, India",1928,8050.55,9.2
84887,"Congo, DRC",PMO - US,From RDC,N/A - From RDC,Air,26-Mar-14,26-Mar-14,ARV,Adult,SCMS from RDC,SKU0135,"Lopinavir/Ritonavir 200/50mg, tablets, 120 Tabs",Generic,120,2300,47104,20.48,0.17,Mylan (formerly Matrix) Nashik,613,4676.4,58.27
84889,Tanzania,PMO - US,From RDC,N/A - From RDC,Truck,29-May-14,7-May-14,ARV,Pediatric,SCMS from RDC,SKU0157,"Abacavir/Lamivudine 60/30mg, dispersible tablets, 60 Tabs",Generic,60,25000,157500,6.3,0.1,"Cipla, Patalganga, India",2266,2352.52,194.83
84890,Tanzania,PMO - US,From RDC,N/A - From RDC,Truck,14-Feb-14,21-Feb-14,ARV,Adult,SCMS from RDC,SKU0058,"Abacavir 300mg, tablets, 60 Tabs",Generic,60,16357,185815.52,11.36,0.19,"Aurobindo Unit III, India",1635,6007.2,229.85
84891,Uganda,PMO - US,From RDC,N/A - From RDC,Truck,31-Jan-14,19-Mar-14,ARV,Adult,SCMS from RDC,SKU0107,"Lamivudine/Tenofovir Disoproxil Fumarate 300/300mg, tablets, 30 Tabs",Generic,30,52800,248160,4.7,0.16,Hetero Unit III Hyderabad IN,5412,6951.84,306.97
84893,Côte d'Ivoire,PMO - US,From RDC,N/A - From RDC,Air,28-Feb-14,18-Feb-14,ARV,Pediatric,SCMS from RDC,SKU0140,"Lamivudine/Nevirapine/Zidovudine 30/50/60mg, dispersible tablets, 60 Tabs",Generic,60,8201,30753.75,3.75,0.06,"Strides, Bangalore, India.",See DN-3546 (ID#:82651),See DN-3546 (ID#:82651),38.04
84894,Côte d'Ivoire,PMO - US,From RDC,N/A - From RDC,Truck,28-Feb-14,18-Jan-14,ARV,Pediatric,SCMS from RDC,SKU0138,"Abacavir/Lamivudine 60/30mg, tablets, 60 Tabs",Generic,60,1915,7660,4,0.07,"Aurobindo Unit III, India",See DN-3547 (ID#:83763),See DN-3547 (ID#:83763),9.48
84895,Nigeria,PMO - US,From RDC,N/A - From RDC,Air Charter,28-Feb-14,10-Feb-14,ARV,Adult,SCMS from RDC,SKU0054,"Lamivudine/Nevirapine/Zidovudine 150/200/300mg, tablets, 60 Tabs",Generic,60,255001,2106308.26,8.26,0.14,Mylan (formerly Matrix) Nashik,60779,30936.1,2605.5
84896,Zimbabwe,PMO - US,From RDC,N/A - From RDC,Truck,3-Mar-14,11-Feb-14,ARV,Pediatric,SCMS from RDC,SKU0142,"Efavirenz 200mg, scored tablets, 90 Tabs",Generic,90,5923,55083.9,9.3,0.1,"Strides, Bangalore, India.",365,3481.29,56.63
84898,Mozambique,PMO - US,From RDC,N/A - From RDC,Truck,3-Jun-14,3-Jun-14,ARV,Adult,SCMS from RDC,SKU0011,"Lamivudine/Zidovudine 150/300mg, tablets, 60 Tabs",Generic,60,25000,168250,6.73,0.11,"Aurobindo Unit III, India",See DN-3553 (ID#:82653),See DN-3553 (ID#:82653),208.13
84899,"Congo, DRC",PMO - US,From RDC,N/A - From RDC,Air,30-May-14,19-May-14,ARV,Adult,SCMS from RDC,SKU0011,"Lamivudine/Zidovudine 150/300mg, tablets, 60 Tabs",Generic,60,2723,18325.79,6.73,0.11,Mylan (formerly Matrix) Nashik,See DN-3561 (ID#:82654),See DN-3561 (ID#:82654),18.84
84900,"Congo, DRC",PMO - US,From RDC,N/A - From RDC,Air,30-May-14,19-May-14,ARV,Adult,SCMS from RDC,SKU0135,"Lopinavir/Ritonavir 200/50mg, tablets, 120 Tabs",Generic,120,777,15912.96,20.48,0.17,Mylan (formerly Matrix) Nashik,See DN-3561 (ID#:82654),See DN-3561 (ID#:82654),16.36
84901,"Congo, DRC",PMO - US,From RDC,N/A - From RDC,Air,30-May-14,19-May-14,ARV,Pediatric,SCMS from RDC,SKU0126,"Nevirapine 10mg/ml, oral suspension w/syringe, Bottle, 240 ml",Generic,240,630,1171.8,1.86,0.01,"Aurobindo Unit III, India",See DN-3561 (ID#:82654),See DN-3561 (ID#:82654),1.2
84903,Zambia,PMO - US,From RDC,N/A - From RDC,Truck,25-Mar-14,25-Mar-14,ARV,Adult,SCMS from RDC,SKU0003,"Lamivudine 150mg, tablets, 60 Tabs",Generic,60,1209,2696.07,2.23,0.04,"Micro labs, Verna, Goa, India",609,3526.69,3.34
84904,Côte d'Ivoire,PMO - US,From RDC,N/A - From RDC,Air,28-Mar-14,26-Mar-14,ARV,Pediatric,SCMS from RDC,SKU0130,"Lamivudine 10mg/ml, oral solution w/syringe, Bottle, 240 ml",Generic,240,13000,18590,1.43,0.01,"Aurobindo Unit III, India",See DN-3567 (ID#:84342),See DN-3567 (ID#:84342),23
84905,South Sudan,PMO - US,From RDC,N/A - From RDC,Air,31-Mar-14,21-Mar-14,ARV,Adult,SCMS from RDC,SKU0011,"Lamivudine/Zidovudine 150/300mg, tablets, 60 Tabs",Generic,60,1702,11454.46,6.73,0.11,"Cipla, Goa, India",See DN-3581 (ID#:83219),See DN-3581 (ID#:83219),11.78
84906,Guyana,PMO - US,From RDC,N/A - From RDC,Air,31-Mar-14,3-Apr-14,ARV,Pediatric,SCMS from RDC,SKU0142,"Efavirenz 200mg, scored tablets, 90 Tabs",Generic,90,48,446.4,9.3,0.1,"Strides, Bangalore, India.",See DN-3585 (ID#:83223),See DN-3585 (ID#:83223),0.46
84907,Guyana,PMO - US,From RDC,N/A - From RDC,Air,31-Mar-14,3-Apr-14,ARV,Adult,SCMS from RDC,SKU0014,"Zidovudine 300mg, tablets, 60 Tabs",Generic,60,803,5018.75,6.25,0.1,"Aurobindo Unit III, India",See DN-3585 (ID#:83223),See DN-3585 (ID#:83223),5.16
84908,Haiti,PMO - US,From RDC,N/A - From RDC,Air,30-Mar-14,24-Mar-14,ARV,Adult,SCMS from RDC,SKU0026,"Efavirenz 600mg, tablets, 30 Tabs",Generic,30,25000,83250,3.33,0.11,"Hetero, Jadcherla, unit 5, IN",See DN-3586 (ID#:83224),See DN-3586 (ID#:83224),85.58
84909,Uganda,PMO - US,From RDC,N/A - From RDC,Truck,20-Apr-14,18-Apr-14,ARV,Adult,SCMS from RDC,SKU0011,"Lamivudine/Zidovudine 150/300mg, tablets, 60 Tabs",Generic,60,3757,25284.61,6.73,0.11,"Aurobindo Unit III, India",See DN-3589 (ID#:82657),See DN-3589 (ID#:82657),25.99
84910,Tanzania,PMO - US,From RDC,N/A - From RDC,Truck,15-May-14,7-May-14,ARV,Adult,SCMS from RDC,SKU0135,"Lopinavir/Ritonavir 200/50mg, tablets, 120 Tabs",Generic,120,33086,664036.02,20.07,0.17,Mylan (formerly Matrix) Nashik,5065,2352.52,821.41
84911,Côte d'Ivoire,PMO - US,From RDC,N/A - From RDC,Truck,30-Apr-14,14-Apr-14,ARV,Adult,SCMS from RDC,SKU0107,"Lamivudine/Tenofovir Disoproxil Fumarate 300/300mg, tablets, 30 Tabs",Generic,30,26000,122200,4.7,0.16,Hetero Unit III Hyderabad IN,See DN-3599 (ID#:84351),See DN-3599 (ID#:84351),151.16
84913,Nigeria,PMO - US,From RDC,N/A - From RDC,Air Charter,15-Apr-14,17-Apr-14,ARV,Adult,SCMS from RDC,SKU0008,"Lopinavir/Ritonavir 200/50mg [Aluvia], tablets, 120 Tabs",Aluvia,120,15826,299111.4,18.9,0.16,ABBVIE Ludwigshafen Germany,3814,29674.92,370
84914,Guyana,PMO - US,From RDC,N/A - From RDC,Air,30-Jun-14,14-Apr-14,ARV,Pediatric,SCMS from RDC,SKU0142,"Efavirenz 200mg, scored tablets, 90 Tabs",Generic,90,74,688.2,9.3,0.1,"Strides, Bangalore, India.",See DN-3626 (ID#:83781),See DN-3626 (ID#:83781),0.71
84915,Guyana,PMO - US,From RDC,N/A - From RDC,Air,30-Jun-14,14-Apr-14,ARV,Adult,SCMS from RDC,SKU0003,"Lamivudine 150mg, tablets, 60 Tabs",Generic,60,210,468.3,2.23,0.04,"Strides, Bangalore, India.",See DN-3626 (ID#:83781),See DN-3626 (ID#:83781),0.48
84916,Côte d'Ivoire,PMO - US,From RDC,N/A - From RDC,Air,30-Apr-14,25-Apr-14,ARV,Adult,SCMS from RDC,SKU0029,"Tenofovir Disoproxil Fumarate 300mg, tablets, 30 Tabs",Generic,30,3300,12474,3.78,0.13,Mylan (formerly Matrix) Nashik,259,1008.9,15.43
84917,Côte d'Ivoire,PMO - US,From RDC,N/A - From RDC,Truck,30-Apr-14,25-Apr-14,ARV,Adult,SCMS from RDC,SKU0113,"Efavirenz/Lamivudine/Tenofovir Disoproxil Fumarate 600/300/300mg, tablets, 30 Tabs",Generic,30,52200,562716,10.78,0.36,Hetero Unit III Hyderabad IN,See DN-3632 (ID#:82665),See DN-3632 (ID#:82665),578.47
84918,Guyana,PMO - US,From RDC,N/A - From RDC,Air,5-May-14,25-Apr-14,ARV,Pediatric,SCMS from RDC,SKU0145,"Abacavir 20mg/ml, oral solution w/syringe, Bottle, 240 ml",Generic,240,30,251.4,8.38,0.03,"Aurobindo Unit III, India",11,871.8,0.26
84919,Zambia,PMO - US,From RDC,N/A - From RDC,Truck,6-May-14,19-May-14,ARV,Adult,SCMS from RDC,SKU0107,"Lamivudine/Tenofovir Disoproxil Fumarate 300/300mg, tablets, 30 Tabs",Generic,30,29440,136601.6,4.64,0.15,Ranbaxy per Shasun Pharma,See DN-3648 (ID#:84360),See DN-3648 (ID#:84360),140.43
84920,Côte d'Ivoire,PMO - US,From RDC,N/A - From RDC,Truck,21-Apr-14,1-May-14,ARV,Adult,SCMS from RDC,SKU0152,"Abacavir/Lamivudine 600/300mg, tablets, 30 Tabs",Generic,30,3291,44494.32,13.52,0.45,"Aurobindo Unit III, India",See DN-3655 (ID#:83237),See DN-3655 (ID#:83237),45.74
84921,Côte d'Ivoire,PMO - US,From RDC,N/A - From RDC,Truck,21-Apr-14,1-May-14,ARV,Adult,SCMS from RDC,SKU0152,"Abacavir/Lamivudine 600/300mg, tablets, 30 Tabs",Generic,30,3709,50145.68,13.52,0.45,"Aurobindo Unit III, India",See DN-3655 (ID#:83237),See DN-3655 (ID#:83237),51.55
84922,Côte d'Ivoire,PMO - US,From RDC,N/A - From RDC,Truck,30-Apr-14,22-Apr-14,ARV,Adult,SCMS from RDC,SKU0054,"Lamivudine/Nevirapine/Zidovudine 150/200/300mg, tablets, 60 Tabs",Generic,60,75235,610155.85,8.11,0.14,"Strides, Bangalore, India.",9080,34551.83,627.24
84925,Haiti,PMO - US,From RDC,N/A - From RDC,Air,30-Apr-14,12-May-14,ARV,Pediatric,SCMS from RDC,SKU0140,"Lamivudine/Nevirapine/Zidovudine 30/50/60mg, dispersible tablets, 60 Tabs",Generic,60,2581,9678.75,3.75,0.06,"Strides, Bangalore, India.",110,1955.22,9.95
84926,Rwanda,PMO - US,From RDC,N/A - From RDC,Truck,16-Jun-14,17-May-14,ARV,Adult,SCMS from RDC,SKU0113,"Efavirenz/Lamivudine/Tenofovir Disoproxil Fumarate 600/300/300mg, tablets, 30 Tabs",Generic,30,61123,658905.94,10.78,0.36,Hetero Unit III Hyderabad IN,8281,14311,815.07
84927,Côte d'Ivoire,PMO - US,From RDC,N/A - From RDC,Truck,30-Jun-14,16-May-14,ARV,Adult,SCMS from RDC,SKU0008,"Lopinavir/Ritonavir 200/50mg [Aluvia], tablets, 120 Tabs",Aluvia,120,54000,1020600,18.9,0.16,ABBVIE Ludwigshafen Germany,11971,44448.75,1262.48
84928,Zimbabwe,PMO - US,From RDC,N/A - From RDC,Truck,30-May-14,30-May-14,ARV,Adult,SCMS from RDC,SKU0113,"Efavirenz/Lamivudine/Tenofovir Disoproxil Fumarate 600/300/300mg, tablets, 30 Tabs",Generic,30,225000,2425500,10.78,0.36,"Aurobindo Unit VII, IN",37973,15873.95,3000.34
84929,Rwanda,PMO - US,From RDC,N/A - From RDC,Truck,30-May-14,3-Jul-14,ARV,Adult,SCMS from RDC,SKU0007,"Nevirapine 200mg, tablets, 60 Tabs",Generic,60,30666,67771.86,2.21,0.04,Hetero Unit III Hyderabad IN,1878,11085.83,83.83
84930,Nigeria,PMO - US,From RDC,N/A - From RDC,Air Charter,30-Jun-14,9-May-14,ARV,Adult,SCMS from RDC,SKU0011,"Lamivudine/Zidovudine 150/300mg, tablets, 60 Tabs",Generic,60,92125,608025,6.6,0.11,Mylan (formerly Matrix) Nashik,7982,45180.63,625.05
84931,Nigeria,PMO - US,From RDC,N/A - From RDC,Air Charter,30-Jun-14,9-May-14,ARV,Pediatric,SCMS from RDC,SKU0142,"Efavirenz 200mg, scored tablets, 90 Tabs",Generic,90,10534,97966.2,9.3,0.1,"Strides, Bangalore, India.",2,45180.62,100.71
84934,Guyana,PMO - US,From RDC,N/A - From RDC,Air,30-Jun-14,3-Jun-14,ARV,Adult,SCMS from RDC,SKU0135,"Lopinavir/Ritonavir 200/50mg, tablets, 120 Tabs",Generic,120,1031,20321.01,19.71,0.16,Mylan (formerly Matrix) Nashik,298,4353.04,20.89
84935,Burundi,PMO - US,From RDC,N/A - From RDC,Air,16-Jun-14,4-Jun-14,ARV,Adult,SCMS from RDC,SKU0026,"Efavirenz 600mg, tablets, 30 Tabs",Generic,30,573,1839.33,3.21,0.11,"Strides, Bangalore, India.",See DN-3739 (ID#:83804),See DN-3739 (ID#:83804),2.28
84936,Zambia,PMO - US,From RDC,N/A - From RDC,Air,16-Jun-14,17-Jun-14,ARV,Pediatric,SCMS from RDC,SKU0146,"Nevirapine 10mg/ml, oral suspension w/syringe, Bottle, 100 ml",Generic,100,6778,8811.4,1.3,0.01,"Aurobindo Unit III, India",1358,3150.3,9.06
84937,Mozambique,PMO - US,From RDC,N/A - From RDC,Truck,31-Jul-14,25-Jul-14,ARV,Adult,SCMS from RDC,SKU0026,"Efavirenz 600mg, tablets, 30 Tabs",Generic,30,30000,96300,3.21,0.11,"Strides, Bangalore, India.",See DN-3752 (ID#:84373),See DN-3752 (ID#:84373),99
84938,Mozambique,PMO - US,From RDC,N/A - From RDC,Truck,9-Jul-14,18-Jul-14,ARV,Adult,SCMS from RDC,SKU0162,"Abacavir/Lamivudine 600/300mg, scored tablets, 30 Tabs",Generic,30,2555,34543.6,13.52,0.45,Mylan (formerly Matrix) Nashik,227,227.19,35.51
84939,Mozambique,PMO - US,From RDC,N/A - From RDC,Truck,31-Jul-14,6-Oct-14,ARV,Adult,SCMS from RDC,SKU0026,"Efavirenz 600mg, tablets, 30 Tabs",Generic,30,20340,65291.4,3.21,0.11,"Strides, Bangalore, India.",1242,9384,67.12
84940,Tanzania,PMO - US,From RDC,N/A - From RDC,Truck,30-Jun-14,24-Jun-14,ARV,Adult,SCMS from RDC,SKU0008,"Lopinavir/Ritonavir 200/50mg [Aluvia], tablets, 120 Tabs",Aluvia,120,14758,278926.2,18.9,0.16,ABBVIE Ludwigshafen Germany,3030,2994.62,345.03
84942,Tanzania,PMO - US,From RDC,N/A - From RDC,Air,31-Jul-14,25-Sep-14,ARV,Pediatric,SCMS from RDC,SKU0146,"Nevirapine 10mg/ml, oral suspension w/syringe, Bottle, 100 ml",Generic,100,28464,37003.2,1.3,0.01,"Aurobindo Unit III, India",See DN-3762 (ID#:82685),See DN-3762 (ID#:82685),45.77
84943,Zimbabwe,PMO - US,From RDC,N/A - From RDC,Truck,30-Sep-14,20-Jun-14,ARV,Adult,SCMS from RDC,SKU0107,"Lamivudine/Tenofovir Disoproxil Fumarate 300/300mg, tablets, 30 Tabs",Generic,30,153560,721732,4.7,0.16,"Aurobindo Unit VII, IN",18528,31514.85,741.94
84944,Zimbabwe,PMO - US,From RDC,N/A - From RDC,Truck,30-Jul-14,11-Jul-14,ARV,Adult,SCMS from RDC,SKU0007,"Nevirapine 200mg, tablets, 60 Tabs",Generic,60,44716,101058.16,2.26,0.04,Hetero Unit III Hyderabad IN,5925,13770.65,103.89
84945,Zimbabwe,PMO - US,From RDC,N/A - From RDC,Truck,25-Aug-14,12-Sep-14,ARV,Pediatric,SCMS from RDC,SKU0103,"Abacavir 20mg/ml, [DON] oral solution, Bottle, 240 ml",Generic,240,301,0,0,0,"Aurobindo Unit III, India",Weight Captured Separately,Invoiced Separately,0
84947,Mozambique,PMO - US,From RDC,N/A - From RDC,Truck,31-Dec-14,30-Oct-14,ARV,Adult,SCMS from RDC,SKU0026,"Efavirenz 600mg, tablets, 30 Tabs",Generic,30,8283,26588.43,3.21,0.11,"Cipla, Goa, India",See DN-3875 (ID#:83255),See DN-3875 (ID#:83255),27.33
84949,Mozambique,PMO - US,From RDC,N/A - From RDC,Truck,30-Sep-14,5-Sep-14,ARV,Adult,SCMS from RDC,SKU0029,"Tenofovir Disoproxil Fumarate 300mg, tablets, 30 Tabs",Generic,30,800,3024,3.78,0.13,Hetero Unit III Hyderabad IN,64,166.96,3.11
84950,Mozambique,PMO - US,From RDC,N/A - From RDC,Truck,15-Aug-14,15-Aug-14,ARV,Adult,SCMS from RDC,SKU0026,"Efavirenz 600mg, tablets, 30 Tabs",Generic,30,108650,348766.5,3.21,0.11,"Strides, Bangalore, India.",9741,9360.14,358.53
84951,Zimbabwe,PMO - US,From RDC,N/A - From RDC,Truck,30-Sep-14,29-Jun-14,ARV,Adult,SCMS from RDC,SKU0007,"Nevirapine 200mg, tablets, 60 Tabs",Generic,60,48253,105191.54,2.18,0.04,"Strides, Bangalore, India.",See DN-3825 (ID#:82702),See DN-3825 (ID#:82702),108.14
84952,Mozambique,PMO - US,From RDC,N/A - From RDC,Truck,29-Aug-14,5-Nov-14,ARV,Adult,SCMS from RDC,SKU0104,"Lamivudine/Stavudine 150/30mg, tablets, 60 Tabs",Generic,60,26700,66483,2.49,0.04,"Strides, Bangalore, India.",1307,1482.7,68.34
84953,Zambia,PMO - US,From RDC,N/A - From RDC,Truck,31-Jul-14,25-Jul-14,ARV,Adult,SCMS from RDC,SKU0011,"Lamivudine/Zidovudine 150/300mg, tablets, 60 Tabs",Generic,60,100000,652000,6.52,0.11,Hetero Unit III Hyderabad IN,8528,8635.96,670.26
84955,Zambia,PMO - US,From RDC,N/A - From RDC,Truck,30-Aug-14,25-Jul-14,ARV,Adult,SCMS from RDC,SKU0007,"Nevirapine 200mg, tablets, 60 Tabs",Generic,60,39132,86481.72,2.21,0.04,Hetero Unit III Hyderabad IN,2426,2413.89,88.9
84956,South Sudan,PMO - US,From RDC,N/A - From RDC,Air,1-Sep-14,1-Sep-14,ARV,Pediatric,SCMS from RDC,SKU0157,"Abacavir/Lamivudine 60/30mg, dispersible tablets, 60 Tabs",Generic,60,3274,18432.62,5.63,0.09,"Cipla, Patalganga, India",See DN-3842 (ID#:82706),See DN-3842 (ID#:82706),18.95
84957,"Congo, DRC",PMO - US,From RDC,N/A - From RDC,Air,13-Aug-14,24-Sep-14,ARV,Adult,SCMS from RDC,SKU0029,"Tenofovir Disoproxil Fumarate 300mg, tablets, 30 Tabs",Generic,30,1540,5821.2,3.78,0.13,Mylan (formerly Matrix) Nashik,See DN-3843 (ID#:82707),See DN-3843 (ID#:82707),5.98
84966,Rwanda,PMO - US,From RDC,N/A - From RDC,Air,30-Jul-14,1-Aug-14,ARV,Pediatric,SCMS from RDC,SKU0140,"Lamivudine/Nevirapine/Zidovudine 30/50/60mg, dispersible tablets, 60 Tabs",Generic,60,2274,8527.5,3.75,0.06,"Strides, Bangalore, India.",100,1511.4,8.77
84967,Mozambique,PMO - US,From RDC,N/A - From RDC,Truck,31-Aug-14,30-Oct-14,ARV,Adult,SCMS from RDC,SKU0026,"Efavirenz 600mg, tablets, 30 Tabs",Generic,30,6600,21186,3.21,0.11,"Strides, Bangalore, India.",See DN-3865 (ID#:82723),See DN-3865 (ID#:82723),21.78
84968,Tanzania,PMO - US,From RDC,N/A - From RDC,Truck,29-Aug-14,29-Sep-14,ARV,Pediatric,SCMS from RDC,SKU0140,"Lamivudine/Nevirapine/Zidovudine 30/50/60mg, dispersible tablets, 60 Tabs",Generic,60,20000,74600,3.73,0.06,Mylan (formerly Matrix) Nashik,3431,19379.94,92.28
84969,Zambia,PMO - US,From RDC,N/A - From RDC,Truck,29-Aug-14,2-Sep-14,ARV,Adult,SCMS from RDC,SKU0135,"Lopinavir/Ritonavir 200/50mg, tablets, 120 Tabs",Generic,120,32905,648557.55,19.71,0.16,Mylan (formerly Matrix) Nashik,5111,10944.73,666.72
84970,Mozambique,PMO - US,From RDC,N/A - From RDC,Truck,31-Aug-14,27-Oct-14,ARV,Adult,SCMS from RDC,SKU0054,"Lamivudine/Nevirapine/Zidovudine 150/200/300mg, tablets, 60 Tabs",Generic,60,74930,607682.3,8.11,0.14,Mylan (formerly Matrix) Nashik,9100,6507.33,624.7
84971,"Congo, DRC",PMO - US,From RDC,N/A - From RDC,Air,30-Sep-14,24-Oct-14,ARV,Pediatric,SCMS from RDC,SKU0117,"Zidovudine 10mg/ml, oral solution w/syringe, Bottle, 240 ml",Generic,240,1090,2289,2.1,0.01,"Cipla, Goa, India",408,5580.44,2.35
84972,Rwanda,PMO - US,From RDC,N/A - From RDC,Air,15-Sep-14,19-Sep-14,ARV,Pediatric,SCMS from RDC,SKU0117,"Zidovudine 10mg/ml, oral solution w/syringe, Bottle, 240 ml",Generic,240,2125,4462.5,2.1,0.01,"Cipla, Goa, India",796,5603.78,5.52
84974,"Congo, DRC",PMO - US,From RDC,N/A - From RDC,Air,27-Nov-14,27-Nov-14,ARV,Adult,SCMS from RDC,SKU0014,"Zidovudine 300mg, tablets, 60 Tabs",Generic,60,2651,14421.44,5.44,0.09,"Aurobindo Unit III, India",155,3028.36,14.83
85074,Côte d'Ivoire,PMO - US,From RDC,N/A - From RDC,Air,1-Dec-09,2-Dec-09,ARV,Pediatric,SCMS from RDC,SKU0049,"Efavirenz 50mg, capsule, 30 Caps",Generic,30,3444,7714.56,2.24,0.07,"Aurobindo Unit III, India",200,1211.48,15.12
84975,Nigeria,PMO - US,From RDC,N/A - From RDC,Air Charter,30-Sep-14,3-Sep-14,ARV,Adult,SCMS from RDC,SKU0054,"Lamivudine/Nevirapine/Zidovudine 150/200/300mg, tablets, 60 Tabs",Generic,60,45520,369167.2,8.11,0.14,Mylan (formerly Matrix) Nashik,See DN-3913 (ID#:84409),See DN-3913 (ID#:84409),379.5
84978,Uganda,PMO - US,From RDC,N/A - From RDC,Truck,31-Oct-14,25-Sep-14,ARV,Pediatric,SCMS from RDC,SKU0124,"Lamivudine/Zidovudine 30/60mg, dispersible tablets, 60 Tabs",Generic,60,4000,8600,2.15,0.04,"Cipla, Goa, India",474,1332.7,8.84
84979,Mozambique,PMO - US,From RDC,N/A - From RDC,Truck,31-Oct-14,30-Oct-14,ARV,Adult,SCMS from RDC,SKU0058,"Abacavir 300mg, tablets, 60 Tabs",Generic,60,7977,90618.72,11.36,0.19,"Aurobindo Unit III, India",See DN-3939 (ID#:82732),See DN-3939 (ID#:82732),93.16
84980,Zambia,PMO - US,From RDC,N/A - From RDC,Truck,30-Sep-14,2-Oct-14,ARV,Adult,SCMS from RDC,SKU0107,"Lamivudine/Tenofovir Disoproxil Fumarate 300/300mg, tablets, 30 Tabs",Generic,30,11536,54219.2,4.7,0.16,Ranbaxy per Shasun Pharma,1046,1157.78,55.74
84981,Zambia,PMO - US,From RDC,N/A - From RDC,Truck,30-Nov-14,23-Sep-14,ARV,Pediatric,SCMS from RDC,SKU0126,"Nevirapine 10mg/ml, oral suspension w/syringe, Bottle, 240 ml",Generic,240,10000,13000,1.3,0.01,"Aurobindo Unit III, India",3731,4329.61,13.36
84982,Guyana,PMO - US,From RDC,N/A - From RDC,Air,30-Sep-14,31-Oct-14,ARV,Pediatric,SCMS from RDC,SKU0145,"Abacavir 20mg/ml, oral solution w/syringe, Bottle, 240 ml",Generic,240,100,838,8.38,0.03,"Aurobindo Unit III, India",44,863.24,0.86
84984,Burundi,PMO - US,From RDC,N/A - From RDC,Air,31-Oct-14,15-Oct-14,ARV,Adult,SCMS from RDC,SKU0011,"Lamivudine/Zidovudine 150/300mg, tablets, 60 Tabs",Generic,60,2532,16711.2,6.6,0.11,Mylan (formerly Matrix) Nashik,See DN-3952 (ID#:82736),See DN-3952 (ID#:82736),17.18
84988,Zimbabwe,PMO - US,From RDC,N/A - From RDC,Truck,24-Nov-14,30-Oct-14,ARV,Pediatric,SCMS from RDC,SKU0124,"Lamivudine/Zidovudine 30/60mg, dispersible tablets, 60 Tabs",Generic,60,15000,29850,1.99,0.03,"Cipla, Goa, India",1037,891.65,30.69
84991,"Congo, DRC",PMO - US,From RDC,N/A - From RDC,Air,14-Apr-15,14-Apr-15,ARV,Adult,SCMS from RDC,SKU0007,"Nevirapine 200mg, tablets, 60 Tabs",Generic,60,5850,12753,2.18,0.04,Hetero Unit III Hyderabad IN,See DN-3954 (ID#:82743),See DN-3954 (ID#:82743),13.11
84992,"Congo, DRC",PMO - US,From RDC,N/A - From RDC,Air,30-Jan-15,18-Feb-15,ARV,Pediatric,SCMS from RDC,SKU0117,"Zidovudine 10mg/ml, oral solution w/syringe, Bottle, 240 ml",Generic,240,714,1499.4,2.1,0.01,"Cipla, Goa, India",See DN-3975 (ID#:82748),See DN-3975 (ID#:82748),1.54
84994,Nigeria,PMO - US,From RDC,N/A - From RDC,Air Charter,30-Nov-14,30-Oct-14,ARV,Adult,SCMS from RDC,SKU0054,"Lamivudine/Nevirapine/Zidovudine 150/200/300mg, tablets, 60 Tabs",Generic,60,100000,811000,8.11,0.14,"Cipla, Goa, India",See DN-3999 (ID#:82752),See DN-3999 (ID#:82752),833.71
84995,Tanzania,PMO - US,From RDC,N/A - From RDC,Truck,30-Jan-15,23-Jan-15,ARV,Adult,SCMS from RDC,SKU0132,"Efavirenz/Emtricitabine/Tenofovir Disoproxil Fumarate 600/200/300mg, tablets, 30 Tabs",Generic,30,12783,151989.87,11.89,0.4,Mylan (formerly Matrix) Nashik,1371,7585.82,156.25
84996,Côte d'Ivoire,PMO - US,From RDC,N/A - From RDC,Truck,28-Nov-14,2-Dec-14,ARV,Pediatric,SCMS from RDC,SKU0157,"Abacavir/Lamivudine 60/30mg, dispersible tablets, 60 Tabs",Generic,60,137,697.33,5.09,0.08,"Cipla, Patalganga, India",2014,7726.12,0.72
84997,Côte d'Ivoire,PMO - US,From RDC,N/A - From RDC,Truck,28-Nov-14,2-Dec-14,ARV,Adult,SCMS from RDC,SKU0026,"Efavirenz 600mg, tablets, 30 Tabs",Generic,30,64445,206868.45,3.21,0.11,"Strides, Bangalore, India.",5678,20052.11,212.66
84999,Côte d'Ivoire,PMO - US,From RDC,N/A - From RDC,Truck,30-Jan-15,19-Dec-14,ARV,Adult,SCMS from RDC,SKU0011,"Lamivudine/Zidovudine 150/300mg, tablets, 60 Tabs",Generic,60,126840,853633.2,6.73,0.11,Hetero Unit III Hyderabad IN,11283,42947.44,877.53
85000,Mozambique,PMO - US,From RDC,N/A - From RDC,Truck,2-Mar-15,2-Mar-15,ARV,Adult,SCMS from RDC,SKU0029,"Tenofovir Disoproxil Fumarate 300mg, tablets, 30 Tabs",Generic,30,380,1436.4,3.78,0.13,Hetero Unit III Hyderabad IN,See DN-4032 (ID#:82757),See DN-4032 (ID#:82757),1.48
85001,Mozambique,PMO - US,From RDC,N/A - From RDC,Truck,2-Mar-15,2-Mar-15,ARV,Adult,SCMS from RDC,SKU0135,"Lopinavir/Ritonavir 200/50mg, tablets, 120 Tabs",Generic,120,13642,264381.96,19.38,0.16,"Aurobindo Unit III, India",See DN-4032 (ID#:82757),See DN-4032 (ID#:82757),271.78
85002,Uganda,PMO - US,From RDC,N/A - From RDC,Truck,30-Jan-15,5-Jan-15,ARV,Adult,SCMS from RDC,SKU0113,"Efavirenz/Lamivudine/Tenofovir Disoproxil Fumarate 600/300/300mg, tablets, 30 Tabs",Generic,30,45000,485100,10.78,0.36,Mylan (formerly Matrix) Nashik,5083,6948.04,498.68
85003,Uganda,PMO - US,From RDC,N/A - From RDC,Truck,16-Feb-15,24-Jan-15,ARV,Adult,SCMS from RDC,SKU0008,"Lopinavir/Ritonavir 200/50mg [Aluvia], tablets, 120 Tabs",Aluvia,120,3663,69230.7,18.9,0.16,ABBVIE Ludwigshafen Germany,See DN-4041 (ID#:83291),See DN-4041 (ID#:83291),71.17
85004,Nigeria,PMO - US,From RDC,N/A - From RDC,Air Charter,30-Jan-15,29-Dec-14,ARV,Adult,SCMS from RDC,SKU0011,"Lamivudine/Zidovudine 150/300mg, tablets, 60 Tabs",Generic,60,33147,218770.2,6.6,0.11,Hetero Unit III Hyderabad IN,32,5798.14,224.9
85005,Nigeria,PMO - US,From RDC,N/A - From RDC,Air Charter,30-Jan-15,29-Dec-14,ARV,Adult,SCMS from RDC,SKU0054,"Lamivudine/Nevirapine/Zidovudine 150/200/300mg, tablets, 60 Tabs",Generic,60,320300,2472716,7.72,0.13,Mylan (formerly Matrix) Nashik,87076,194623.44,2541.95
85007,Côte d'Ivoire,PMO - US,From RDC,N/A - From RDC,Truck,16-Feb-15,19-Jan-15,ARV,Adult,SCMS from RDC,SKU0029,"Tenofovir Disoproxil Fumarate 300mg, tablets, 30 Tabs",Generic,30,4236,15037.8,3.55,0.12,Hetero Unit III Hyderabad IN,See DN-4064 (ID#:82765),See DN-4064 (ID#:82765),15.46
85008,Zambia,PMO - US,From RDC,N/A - From RDC,Truck,30-Jan-15,19-Feb-15,ARV,Adult,SCMS from RDC,SKU0011,"Lamivudine/Zidovudine 150/300mg, tablets, 60 Tabs",Generic,60,132000,871200,6.6,0.11,Mylan (formerly Matrix) Nashik,10615,22520.71,895.59
85009,Nigeria,PMO - US,From RDC,N/A - From RDC,Air Charter,30-Jan-15,14-Jan-15,ARV,Adult,SCMS from RDC,SKU0107,"Lamivudine/Tenofovir Disoproxil Fumarate 300/300mg, tablets, 30 Tabs",Generic,30,4,18.44,4.61,0.15,"Cipla, Kurkumbh, India",34119,69737,0.02
85010,Uganda,PMO - US,From RDC,N/A - From RDC,Truck,16-Feb-15,30-Jan-15,ARV,Pediatric,SCMS from RDC,SKU0124,"Lamivudine/Zidovudine 30/60mg, dispersible tablets, 60 Tabs",Generic,60,6000,11940,1.99,0.03,"Cipla, Goa, India",404,2055.25,14.05
85011,Tanzania,PMO - US,From RDC,N/A - From RDC,Truck,16-Feb-15,12-Mar-15,ARV,Pediatric,SCMS from RDC,SKU0124,"Lamivudine/Zidovudine 30/60mg, dispersible tablets, 60 Tabs",Generic,60,19389,38778,2,0.03,"Cipla, Goa, India",1293,4916,39.86
85012,Nigeria,PMO - US,From RDC,N/A - From RDC,Air Charter,28-Feb-15,5-Feb-15,ARV,Adult,SCMS from RDC,SKU0054,"Lamivudine/Nevirapine/Zidovudine 150/200/300mg, tablets, 60 Tabs",Generic,60,3194,24657.68,7.72,0.13,Hetero Unit III Hyderabad IN,23220,51645.79,25.35
85013,Uganda,PMO - US,From RDC,N/A - From RDC,Air,3-Feb-15,10-Feb-15,ARV,Adult,SCMS from RDC,SKU0008,"Lopinavir/Ritonavir 200/50mg [Aluvia], tablets, 120 Tabs",Aluvia,120,11607,219372.3,18.9,0.16,ABBVIE Ludwigshafen Germany,2653,14056.46,258.2
85018,Burundi,PMO - US,From RDC,N/A - From RDC,Air,27-Feb-15,28-Feb-15,ARV,Adult,SCMS from RDC,SKU0113,"Efavirenz/Lamivudine/Tenofovir Disoproxil Fumarate 600/300/300mg, tablets, 30 Tabs",Generic,30,9360,89856,9.6,0.32,Mylan (formerly Matrix) Nashik,See DN-4144 (ID#:82781),See DN-4144 (ID#:82781),105.76
85019,Rwanda,PMO - US,From RDC,N/A - From RDC,Air,31-Mar-15,20-Mar-15,ARV,Pediatric,SCMS from RDC,SKU0124,"Lamivudine/Zidovudine 30/60mg, dispersible tablets, 60 Tabs",Generic,60,1700,3315,1.95,0.03,"Mylan,  H-12 & H-13, India",268,1061.37,3.9
85020,Nigeria,PMO - US,From RDC,N/A - From RDC,Air Charter,2-Mar-15,10-Mar-15,ARV,Adult,SCMS from RDC,SKU0011,"Lamivudine/Zidovudine 150/300mg, tablets, 60 Tabs",Generic,60,51431,335330.12,6.52,0.11,Hetero Unit III Hyderabad IN,19196,43055.82,344.72
85022,Zambia,PMO - US,From RDC,N/A - From RDC,Truck,15-May-15,25-May-15,ARV,Adult,SCMS from RDC,SKU0026,"Efavirenz 600mg, tablets, 30 Tabs",Generic,30,108856,339630.72,3.12,0.1,"Strides, Bangalore, India.",6431,43219.06,399.75
85024,Nigeria,PMO - US,From RDC,N/A - From RDC,Air Charter,30-Apr-15,18-Mar-15,ARV,Adult,SCMS from RDC,SKU0113,"Efavirenz/Lamivudine/Tenofovir Disoproxil Fumarate 600/300/300mg, tablets, 30 Tabs",Generic,30,200000,1920000,9.6,0.32,Hetero Unit III Hyderabad IN,See DN-4190 (ID#:84461),See DN-4190 (ID#:84461),1973.76
85025,"Congo, DRC",PMO - US,From RDC,N/A - From RDC,Air,16-Jun-15,25-May-15,ARV,Pediatric,SCMS from RDC,SKU0071,"Abacavir 20mg/ml, oral solution, Bottle, 240 ml",Generic,240,140,956.2,6.83,0.03,"Aurobindo Unit III, India",139,973.2,1.13
85026,Uganda,PMO - US,From RDC,N/A - From RDC,Truck,30-Apr-15,22-Apr-15,ARV,Adult,SCMS from RDC,SKU0107,"Lamivudine/Tenofovir Disoproxil Fumarate 300/300mg, tablets, 30 Tabs",Generic,30,13549,62189.91,4.59,0.15,"Cipla, Kurkumbh, India",1354,Freight Included in Commodity Cost,63.93
85027,Nigeria,PMO - US,From RDC,N/A - From RDC,Air Charter,30-Jun-15,15-Apr-15,ARV,Pediatric,SCMS from RDC,SKU0140,"Lamivudine/Nevirapine/Zidovudine 30/50/60mg, dispersible tablets, 60 Tabs",Generic,60,912,3283.2,3.6,0.06,Mylan (formerly Matrix) Nashik,71,134,3.38
85029,Côte d'Ivoire,PMO - US,From RDC,N/A - From RDC,Truck,19-Jun-15,8-Jun-15,ARV,Adult,SCMS from RDC,SKU0113,"Efavirenz/Lamivudine/Tenofovir Disoproxil Fumarate 600/300/300mg, tablets, 30 Tabs",Generic,30,100000,960000,9.6,0.32,Hetero Unit III Hyderabad IN,See DN-4255 (ID#:83911),See DN-4255 (ID#:83911),1129.92
85030,Côte d'Ivoire,PMO - US,From RDC,N/A - From RDC,Truck,8-Jun-15,8-Jun-15,ARV,Adult,SCMS from RDC,SKU0011,"Lamivudine/Zidovudine 150/300mg, tablets, 60 Tabs",Generic,60,36971,241050.92,6.52,0.11,Mylan (formerly Matrix) Nashik,See DN-4253 (ID#:83334),See DN-4253 (ID#:83334),247.8
85031,Côte d'Ivoire,PMO - US,From RDC,N/A - From RDC,Truck,8-Jun-15,8-Jun-15,ARV,Adult,SCMS from RDC,SKU0011,"Lamivudine/Zidovudine 150/300mg, tablets, 60 Tabs",Generic,60,25526,166429.52,6.52,0.11,Hetero Unit III Hyderabad IN,See DN-4253 (ID#:83334),See DN-4253 (ID#:83334),171.09
85032,Nigeria,PMO - US,From RDC,N/A - From RDC,Air Charter,30-Jun-15,29-Apr-15,ARV,Pediatric,SCMS from RDC,SKU0140,"Lamivudine/Nevirapine/Zidovudine 30/50/60mg, dispersible tablets, 60 Tabs",Generic,60,13660,49176,3.6,0.06,Mylan (formerly Matrix) Nashik,849,1871.34,50.55
85035,Côte d'Ivoire,PMO - US,From RDC,N/A - From RDC,Truck,29-May-15,29-May-15,ARV,Adult,SCMS from RDC,SKU0029,"Tenofovir Disoproxil Fumarate 300mg, tablets, 30 Tabs",Generic,30,7500,26625,3.55,0.12,Mylan (formerly Matrix) Nashik,See DN-4177 (ID#:82804),See DN-4177 (ID#:82804),27.37
85164,Zambia,PMO - US,From RDC,N/A - From RDC,Truck,26-Nov-10,3-Dec-10,ARV,Adult,SCMS from RDC,SKU0058,"Abacavir 300mg, tablets, 60 Tabs",Generic,60,17045,270845.05,15.89,0.26,"Cipla, Patalganga, India",20752,17520.43,583.94
85036,Nigeria,PMO - US,From RDC,N/A - From RDC,Air Charter,30-Jun-15,2-Jun-15,ARV,Adult,SCMS from RDC,SKU0113,"Efavirenz/Lamivudine/Tenofovir Disoproxil Fumarate 600/300/300mg, tablets, 30 Tabs",Generic,30,121000,1161600,9.6,0.32,Hetero Unit III Hyderabad IN,35884,68103.71,1194.12
85037,Nigeria,PMO - US,From RDC,N/A - From RDC,Air Charter,30-Jun-15,2-Jun-15,ARV,Adult,SCMS from RDC,SKU0113,"Efavirenz/Lamivudine/Tenofovir Disoproxil Fumarate 600/300/300mg, tablets, 30 Tabs",Generic,30,170780,1639488,9.6,0.32,Mylan (formerly Matrix) Nashik,See DN-4291 (ID#:85036),See DN-4291 (ID#:85036),1685.39
85038,Uganda,PMO - US,From RDC,N/A - From RDC,Truck,15-Jul-15,9-Jul-15,ARV,Pediatric,SCMS from RDC,SKU0157,"Abacavir/Lamivudine 60/30mg, dispersible tablets, 60 Tabs",Generic,60,14476,57180.2,3.95,0.07,"Cipla, Patalganga, India",839,8402.24,67.3
85039,Cameroon,PMO - US,From RDC,N/A - From RDC,Air,16-Jul-15,28-Jun-15,ARV,Pediatric,SCMS from RDC,SKU0142,"Efavirenz 200mg, scored tablets, 90 Tabs",Generic,90,3101,28839.3,9.3,0.1,"Strides, Bangalore, India.",195,4257.91,33.94
85041,Zimbabwe,PMO - US,From RDC,N/A - From RDC,Truck,31-Jul-15,15-Jul-15,ARV,Pediatric,SCMS from RDC,SKU0124,"Lamivudine/Zidovudine 30/60mg, dispersible tablets, 60 Tabs",Generic,60,2741,5454.59,1.99,0.03,"Mylan,  H-12 & H-13, India",See DN-4307 (ID#:83920),See DN-4307 (ID#:83920),6.42
85042,Zimbabwe,PMO - US,From RDC,N/A - From RDC,Truck,31-Jul-15,15-Jul-15,ARV,Pediatric,SCMS from RDC,SKU0124,"Lamivudine/Zidovudine 30/60mg, dispersible tablets, 60 Tabs",Generic,60,9262,18431.38,1.99,0.03,"Cipla, Goa, India",See DN-4307 (ID#:83920),See DN-4307 (ID#:83920),21.69
85043,Uganda,PMO - US,From RDC,N/A - From RDC,Truck,31-Jul-15,23-Jul-15,ARV,Pediatric,SCMS from RDC,SKU0124,"Lamivudine/Zidovudine 30/60mg, dispersible tablets, 60 Tabs",Generic,60,5126,9841.92,1.92,0.03,"Cipla, Goa, India",See DN-4309 (ID#:82809),See DN-4309 (ID#:82809),11.58
85044,Zambia,PMO - US,From RDC,N/A - From RDC,Truck,15-Aug-15,25-Aug-15,ARV,Adult,SCMS from RDC,SKU0007,"Nevirapine 200mg, tablets, 60 Tabs",Generic,60,221000,481780,2.18,0.04,Hetero Unit III Hyderabad IN,Weight Captured Separately,Freight Included in Commodity Cost,495.27
85045,Zambia,PMO - US,From RDC,N/A - From RDC,Truck,15-Aug-15,25-Aug-15,ARV,Adult,SCMS from RDC,SKU0007,"Nevirapine 200mg, tablets, 60 Tabs",Generic,60,89575,195273.5,2.18,0.04,"Strides, Bangalore, India.",Weight Captured Separately,Freight Included in Commodity Cost,200.74
85047,Uganda,PMO - US,From RDC,N/A - From RDC,Truck,14-Aug-15,8-Aug-15,ARV,Adult,SCMS from RDC,SKU0008,"Lopinavir/Ritonavir 200/50mg [Aluvia], tablets, 120 Tabs",Aluvia,120,8452,157545.28,18.64,0.16,ABBVIE Ludwigshafen Germany,See DN-4325 (ID#:82815),See DN-4325 (ID#:82815),185.43
85048,Zambia,PMO - US,From RDC,N/A - From RDC,Truck,14-Aug-15,25-Aug-15,ARV,Adult,SCMS from RDC,SKU0011,"Lamivudine/Zidovudine 150/300mg, tablets, 60 Tabs",Generic,60,6258,40802.16,6.52,0.11,Mylan (formerly Matrix) Nashik,Weight Captured Separately,Freight Included in Commodity Cost,41.94
85051,Mozambique,PMO - US,From RDC,N/A - From RDC,Truck,22-Oct-15,20-Aug-15,ARV,Adult,SCMS from RDC,SKU0113,"Efavirenz/Lamivudine/Tenofovir Disoproxil Fumarate 600/300/300mg, tablets, 30 Tabs",Generic,30,134500,1343655,9.99,0.33,Cipla Ltd A-42 MIDC Mahar. IN,18177,Freight Included in Commodity Cost,1581.48
85064,Nigeria,PMO - US,From RDC,N/A - From RDC,Air Charter,31-Aug-09,4-Aug-09,ARV,Adult,SCMS from RDC,SKU0003,"Lamivudine 150mg, tablets, 60 Tabs",Generic,60,45,109.8,2.44,0.04,"Aurobindo Unit III, India",See DN-1360 (ID#:83371),See DN-1360 (ID#:83371),0.22
85065,Uganda,PMO - US,From RDC,N/A - From RDC,Air,8-Oct-09,8-Oct-09,ARV,Adult,SCMS from RDC,SKU0007,"Nevirapine 200mg, tablets, 60 Tabs",Generic,60,100,290,2.9,0.05,"Aurobindo Unit III, India",See DN-1417 (ID#:82271),See DN-1417 (ID#:82271),0.57
85066,Nigeria,PMO - US,From RDC,N/A - From RDC,Air Charter,30-Oct-09,20-Oct-09,ARV,Adult,SCMS from RDC,SKU0003,"Lamivudine 150mg, tablets, 60 Tabs",Generic,60,63,153.72,2.44,0.04,"Aurobindo Unit III, India",See DN-1452 (ID#:82272),See DN-1452 (ID#:82272),0.3
85067,Nigeria,PMO - US,From RDC,N/A - From RDC,Air Charter,30-Oct-09,20-Oct-09,ARV,Adult,SCMS from RDC,SKU0014,"Zidovudine 300mg, tablets, 60 Tabs",Generic,60,28,210.84,7.53,0.13,"Aurobindo Unit III, India",See DN-1452 (ID#:82272),See DN-1452 (ID#:82272),0.41
85068,Nigeria,PMO - US,From RDC,N/A - From RDC,Air Charter,15-Oct-09,20-Oct-09,ARV,Adult,SCMS from RDC,SKU0007,"Nevirapine 200mg, tablets, 60 Tabs",Generic,60,3000,8700,2.9,0.05,"Aurobindo Unit III, India",See DN-1456 (ID#:83952),See DN-1456 (ID#:83952),17.05
85069,Haiti,PMO - US,From RDC,N/A - From RDC,Air,18-Nov-09,18-Oct-09,ARV,Adult,SCMS from RDC,SKU0003,"Lamivudine 150mg, tablets, 60 Tabs",Generic,60,398,971.12,2.44,0.04,"Aurobindo Unit III, India",See DN-1479 (ID#:82842),See DN-1479 (ID#:82842),1.9
85070,Côte d'Ivoire,PMO - US,From RDC,N/A - From RDC,Air,1-Dec-09,5-Nov-09,ARV,Adult,SCMS from RDC,SKU0011,"Lamivudine/Zidovudine 150/300mg, tablets, 60 Tabs",Generic,60,41336,362103.36,8.76,0.15,"Aurobindo Unit III, India",See DN-1510 (ID#:84506),See DN-1510 (ID#:84506),709.72
85071,Côte d'Ivoire,PMO - US,From RDC,N/A - From RDC,Air,1-Dec-09,2-Dec-09,ARV,Adult,SCMS from RDC,SKU0058,"Abacavir 300mg, tablets, 60 Tabs",Generic,60,4000,85680,21.42,0.36,Mylan (formerly Matrix) Nashik,See DN-1523 (ID#:83961),See DN-1523 (ID#:83961),167.93
85072,Côte d'Ivoire,PMO - US,From RDC,N/A - From RDC,Air,4-Dec-09,2-Dec-09,ARV,Pediatric,SCMS from RDC,SKU0001,"Nevirapine 10mg/ml, oral suspension, Bottle, 240 ml",Generic,240,4464,8570.88,1.92,0.01,"Aurobindo Unit III, India",1655,1211.48,16.8
85073,Haiti,PMO - US,From RDC,N/A - From RDC,Air,30-Nov-09,30-Nov-09,ARV,Pediatric,SCMS from RDC,SKU0001,"Nevirapine 10mg/ml, oral suspension, Bottle, 240 ml",Generic,240,4704,9031.68,1.92,0.01,"Aurobindo Unit III, India",See DN-1530 (ID#:83964),See DN-1530 (ID#:83964),19.47
85075,Nigeria,PMO - US,From RDC,N/A - From RDC,Air Charter,24-Nov-09,20-Nov-09,ARV,Adult,SCMS from RDC,SKU0003,"Lamivudine 150mg, tablets, 60 Tabs",Generic,60,50000,122000,2.44,0.04,"Aurobindo Unit III, India",2390,Freight Included in Commodity Cost,239.12
85076,Uganda,PMO - US,From RDC,N/A - From RDC,Air,30-Nov-09,2-Dec-09,ARV,Adult,SCMS from RDC,SKU0026,"Efavirenz 600mg, tablets, 30 Tabs",Generic,30,5000,28900,5.78,0.19,"Aurobindo Unit III, India",907,9044.65,56.64
85077,Nigeria,PMO - US,From RDC,N/A - From RDC,Air Charter,18-Dec-09,18-Dec-09,ARV,Adult,SCMS from RDC,SKU0058,"Abacavir 300mg, tablets, 60 Tabs",Generic,60,755,16172.1,21.42,0.36,Mylan (formerly Matrix) Nashik,75,11637.64,31.7
85078,Nigeria,PMO - US,From RDC,N/A - From RDC,Air Charter,18-Dec-09,18-Dec-09,ARV,Adult,SCMS from RDC,SKU0026,"Efavirenz 600mg, tablets, 30 Tabs",Generic,30,168,971.04,5.78,0.19,"Aurobindo Unit III, India",15,11637.64,1.9
85079,Haiti,PMO - US,From RDC,N/A - From RDC,Air,25-Dec-09,21-Dec-09,ARV,Pediatric,SCMS from RDC,SKU0049,"Efavirenz 50mg, capsule, 30 Caps",Generic,30,572,1281.28,2.24,0.07,"Aurobindo Unit III, India",33,1062.95,2.76
85080,Uganda,PMO - US,From RDC,N/A - From RDC,Air,15-Feb-10,15-Jan-10,ARV,Adult,SCMS from RDC,SKU0107,"Lamivudine/Tenofovir Disoproxil Fumarate 300/300mg, tablets, 30 Tabs",Generic,30,2000,20000,10,0.33,Mylan (formerly Matrix) Nashik,168,2990.92,43.12
85081,Nigeria,PMO - US,From RDC,N/A - From RDC,Air,29-Jan-10,22-Jan-10,ARV,Adult,SCMS from RDC,SKU0054,"Lamivudine/Nevirapine/Zidovudine 150/200/300mg, tablets, 60 Tabs",Generic,60,40080,454908,11.35,0.19,"Aurobindo Unit III, India",4498,19480.97,891.62
85082,Sudan,PMO - US,From RDC,N/A - From RDC,Air,30-Nov-09,22-Nov-09,HRDT,HIV test,SCMS from RDC,SKU0002,"HIV 1/2, Determine Complete HIV Kit, 100 Tests",Determine,100,350,28000,80,0.8,Inverness Japan,See DN-1624 (ID#:82856),See DN-1624 (ID#:82856),54.88
85084,Haiti,PMO - US,From RDC,N/A - From RDC,Air,5-Mar-10,3-Mar-10,ARV,Adult,SCMS from RDC,SKU0026,"Efavirenz 600mg, tablets, 30 Tabs",Generic,30,26712,154395.36,5.78,0.19,"Aurobindo Unit III, India",2342,12016.69,332.88
85085,Uganda,PMO - US,From RDC,N/A - From RDC,Truck,11-Feb-10,29-Jan-10,ARV,Adult,SCMS from RDC,SKU0007,"Nevirapine 200mg, tablets, 60 Tabs",Generic,60,200,546,2.73,0.05,"Aurobindo Unit III, India",See DN-1636 (ID#:83975),See DN-1636 (ID#:83975),1.18
85086,Uganda,PMO - US,From RDC,N/A - From RDC,Truck,25-Feb-10,18-Feb-10,ARV,Adult,SCMS from RDC,SKU0054,"Lamivudine/Nevirapine/Zidovudine 150/200/300mg, tablets, 60 Tabs",Generic,60,21658,243002.76,11.22,0.19,Mylan (formerly Matrix) Nashik,See DN-1638 (ID#:84526),See DN-1638 (ID#:84526),476.29
85087,Uganda,PMO - US,From RDC,N/A - From RDC,Truck,25-Feb-10,18-Feb-10,ARV,Adult,SCMS from RDC,SKU0054,"Lamivudine/Nevirapine/Zidovudine 150/200/300mg, tablets, 60 Tabs",Generic,60,19942,223749.24,11.22,0.19,"Aurobindo Unit III, India",See DN-1638 (ID#:84526),See DN-1638 (ID#:84526),438.55
85088,Côte d'Ivoire,PMO - US,From RDC,N/A - From RDC,Air,10-May-10,19-Feb-10,ARV,Adult,SCMS from RDC,SKU0007,"Nevirapine 200mg, tablets, 60 Tabs",Generic,60,9876,26961.48,2.73,0.05,"Aurobindo Unit III, India",941,7779.96,58.13
85089,Côte d'Ivoire,PMO - US,From RDC,N/A - From RDC,Air,10-Mar-10,2-Mar-10,ARV,Adult,SCMS from RDC,SKU0053,"Emtricitabine/Tenofovir Disoproxil Fumarate 200/300mg [Truvada], tablets, 30 Tabs",Truvada,30,6464,169680,26.25,0.88,"Aspen-OSD, Port Elizabeth, SA",571,1949.41,365.83
85090,Zimbabwe,PMO - US,From RDC,N/A - From RDC,Truck,31-Mar-10,12-Mar-10,ARV,Adult,SCMS from RDC,SKU0026,"Efavirenz 600mg, tablets, 30 Tabs",Generic,30,1900,9747,5.13,0.17,"Aurobindo Unit III, India",See DN-1659 (ID#:82859),See DN-1659 (ID#:82859),21.01
85091,Zimbabwe,PMO - US,From RDC,N/A - From RDC,Air,31-Mar-10,12-Mar-10,ARV,Adult,SCMS from RDC,SKU0044,"Lamivudine/Nevirapine/Stavudine 150/200/30mg, tablets, 60 Tabs",Generic,60,35802,218750.22,6.11,0.1,"Cipla, Goa, India",See DN-1660 (ID#:82296),See DN-1660 (ID#:82296),471.63
85092,Haiti,PMO - US,From RDC,N/A - From RDC,Air,10-Mar-10,3-Mar-10,ARV,Adult,SCMS from RDC,SKU0004,"Stavudine 30mg, capsules, 60 Caps",Generic,60,2610,3680.1,1.41,0.02,"Aurobindo Unit III, India",See DN-1667 (ID#:82861),See DN-1667 (ID#:82861),7.93
85093,Haiti,PMO - US,From RDC,N/A - From RDC,Air,10-Mar-10,3-Mar-10,ARV,Adult,SCMS from RDC,SKU0059,"Stavudine 20mg, capsules, 60 Caps",Generic,60,106,151.58,1.43,0.02,"Aurobindo Unit III, India",See DN-1667 (ID#:82861),See DN-1667 (ID#:82861),0.33
85094,Uganda,PMO - US,From RDC,N/A - From RDC,Air,19-Mar-10,17-Mar-10,ARV,Adult,SCMS from RDC,SKU0026,"Efavirenz 600mg, tablets, 30 Tabs",Generic,30,26697,136955.61,5.13,0.17,"Aurobindo Unit III, India",See DN-1677 (ID#:82297),See DN-1677 (ID#:82297),268.43
85095,Nigeria,PMO - US,From RDC,N/A - From RDC,Air Charter,19-Apr-10,31-Mar-10,ARV,Adult,SCMS from RDC,SKU0054,"Lamivudine/Nevirapine/Zidovudine 150/200/300mg, tablets, 60 Tabs",Generic,60,10000,112200,11.22,0.19,"Aurobindo Unit III, India",1169,Freight Included in Commodity Cost,241.9
85096,Nigeria,PMO - US,From RDC,N/A - From RDC,Air Charter,19-Apr-10,31-Mar-10,ARV,Adult,SCMS from RDC,SKU0105,"Emtricitabine/Tenofovir Disoproxil Fumarate 200/300mg, tablets, 30 Tabs",Generic,30,350,4112.5,11.75,0.39,Mylan (formerly Matrix) Nashik,29,Freight Included in Commodity Cost,8.87
85097,Mozambique,PMO - US,From RDC,N/A - From RDC,Truck,17-May-10,14-Apr-10,ARV,Adult,SCMS from RDC,SKU0054,"Lamivudine/Nevirapine/Zidovudine 150/200/300mg, tablets, 60 Tabs",Generic,60,30315,340134.3,11.22,0.19,"Aurobindo Unit III, India",3563,3423.26,666.66
85098,Nigeria,PMO - US,From RDC,N/A - From RDC,Air Charter,19-Apr-10,31-Mar-10,ARV,Adult,SCMS from RDC,SKU0007,"Nevirapine 200mg, tablets, 60 Tabs",Generic,60,6000,16380,2.73,0.05,"Aurobindo Unit III, India",577,Freight Included in Commodity Cost,35.32
85099,Nigeria,PMO - US,From RDC,N/A - From RDC,Air Charter,19-Apr-10,31-Mar-10,ARV,Adult,SCMS from RDC,SKU0105,"Emtricitabine/Tenofovir Disoproxil Fumarate 200/300mg, tablets, 30 Tabs",Generic,30,35000,411250,11.75,0.39,Mylan (formerly Matrix) Nashik,2825,Freight Included in Commodity Cost,886.66
85100,Nigeria,PMO - US,From RDC,N/A - From RDC,Air Charter,19-Apr-10,31-Mar-10,ARV,Adult,SCMS from RDC,SKU0011,"Lamivudine/Zidovudine 150/300mg, tablets, 60 Tabs",Generic,60,3200,28032,8.76,0.15,Mylan (formerly Matrix) Nashik,255,Freight Included in Commodity Cost,60.44
85101,Uganda,PMO - US,From RDC,N/A - From RDC,Truck,26-Mar-10,25-Mar-10,ARV,Adult,SCMS from RDC,SKU0107,"Lamivudine/Tenofovir Disoproxil Fumarate 300/300mg, tablets, 30 Tabs",Generic,30,3680,36800,10,0.33,Mylan (formerly Matrix) Nashik,328,3522.52,79.34
85102,Uganda,PMO - US,From RDC,N/A - From RDC,Air,23-Jun-10,8-Apr-10,ARV,Adult,SCMS from RDC,SKU0104,"Lamivudine/Stavudine 150/30mg, tablets, 60 Tabs",Generic,60,70,238,3.4,0.06,"Cipla, Goa, India",See DN-1761 (ID#:82312),See DN-1761 (ID#:82312),0.51
85103,Uganda,PMO - US,From RDC,N/A - From RDC,Air,2-Jun-10,22-Apr-10,ARV,Adult,SCMS from RDC,SKU0011,"Lamivudine/Zidovudine 150/300mg, tablets, 60 Tabs",Generic,60,1600,14016,8.76,0.15,Hetero Unit III Hyderabad IN,13,1758.6,30.22
85104,Nigeria,PMO - US,From RDC,N/A - From RDC,Air Charter,31-May-10,18-May-10,ARV,Adult,SCMS from RDC,SKU0026,"Efavirenz 600mg, tablets, 30 Tabs",Generic,30,3500,16625,4.75,0.16,"Aurobindo Unit III, India",309,9736.1,35.84
85105,Nigeria,PMO - US,From RDC,N/A - From RDC,Air Charter,31-May-10,18-May-10,ARV,Adult,SCMS from RDC,SKU0026,"Efavirenz 600mg, tablets, 30 Tabs",Generic,30,188,893,4.75,0.16,"Aurobindo Unit III, India",17,9736.1,1.93
85106,Nigeria,PMO - US,From RDC,N/A - From RDC,Air Charter,31-May-10,18-May-10,ARV,Adult,SCMS from RDC,SKU0170,"Lamivudine/Zidovudine+Efavirenz 150/300mg+600mg, tablets, co-blister 60+30 Tabs",Generic,90,250,6875,27.5,0.31,"Aurobindo Unit III, India",42,9736.1,14.82
85107,Nigeria,PMO - US,From RDC,N/A - From RDC,Air Charter,31-May-10,18-May-10,ARV,Adult,SCMS from RDC,SKU0054,"Lamivudine/Nevirapine/Zidovudine 150/200/300mg, tablets, 60 Tabs",Generic,60,45000,504900,11.22,0.19,"Aurobindo Unit III, India",See DN-1794 (ID#:83421),See DN-1794 (ID#:83421),1088.56
85108,Nigeria,PMO - US,From RDC,N/A - From RDC,Air Charter,31-May-10,18-May-10,ARV,Adult,SCMS from RDC,SKU0107,"Lamivudine/Tenofovir Disoproxil Fumarate 300/300mg, tablets, 30 Tabs",Generic,30,9852,98520,10,0.33,Mylan (formerly Matrix) Nashik,1078,9736.1,212.41
85109,Guyana,PMO - US,From RDC,N/A - From RDC,Air,30-Jun-10,25-May-10,ARV,Pediatric,SCMS from RDC,SKU0082,"Didanosine 100mg, chewable/dispersible tablets, 60 Tabs",Generic,60,330,2547.6,7.72,0.13,"Aurobindo Unit III, India",71,1721.53,5.49
85110,Uganda,PMO - US,From RDC,N/A - From RDC,Air,3-May-10,3-May-10,ARV,Adult,SCMS from RDC,SKU0054,"Lamivudine/Nevirapine/Zidovudine 150/200/300mg, tablets, 60 Tabs",Generic,60,17000,190740,11.22,0.19,Mylan (formerly Matrix) Nashik,2156,14467.75,411.24
85111,Uganda,PMO - US,From RDC,N/A - From RDC,Air,11-Jun-10,3-May-10,ARV,Adult,SCMS from RDC,SKU0011,"Lamivudine/Zidovudine 150/300mg, tablets, 60 Tabs",Generic,60,5000,43800,8.76,0.15,Hetero Unit III Hyderabad IN,338,4159.73,94.43
85112,Tanzania,PMO - US,From RDC,N/A - From RDC,Air,29-Jul-10,25-May-10,ARV,Pediatric,SCMS from RDC,SKU0082,"Didanosine 100mg, chewable/dispersible tablets, 60 Tabs",Generic,60,2159,16667.48,7.72,0.13,"Aurobindo Unit III, India",454,3219.93,35.94
85113,Côte d'Ivoire,PMO - US,From RDC,N/A - From RDC,Air,10-May-10,7-May-10,ARV,Adult,SCMS from RDC,SKU0003,"Lamivudine 150mg, tablets, 60 Tabs",Generic,60,9316,22731.04,2.44,0.04,"Strides, Bangalore, India.",See DN-1799 (ID#:84560),See DN-1799 (ID#:84560),49.01
85114,Côte d'Ivoire,PMO - US,From RDC,N/A - From RDC,Air,10-May-10,7-May-10,ARV,Adult,SCMS from RDC,SKU0058,"Abacavir 300mg, tablets, 60 Tabs",Generic,60,8150,154850,19,0.32,Mylan (formerly Matrix) Nashik,See DN-1799 (ID#:84560),See DN-1799 (ID#:84560),333.86
85115,Côte d'Ivoire,PMO - US,From RDC,N/A - From RDC,Air,10-May-10,7-May-10,ARV,Pediatric,SCMS from RDC,SKU0065,"Zidovudine 100mg, capsules, 100 Caps",Generic,100,6636,32118.24,4.84,0.05,"Aurobindo Unit III, India",See DN-1799 (ID#:84560),See DN-1799 (ID#:84560),69.25
85116,Côte d'Ivoire,PMO - US,From RDC,N/A - From RDC,Air,10-May-10,7-May-10,ARV,Adult,SCMS from RDC,SKU0003,"Lamivudine 150mg, tablets, 60 Tabs",Generic,60,6000,14640,2.44,0.04,Mylan (formerly Matrix) Nashik,See DN-1799 (ID#:84560),See DN-1799 (ID#:84560),31.56
85117,Guyana,PMO - US,From RDC,N/A - From RDC,Air,7-Jun-10,27-May-10,ARV,Adult,SCMS from RDC,SKU0007,"Nevirapine 200mg, tablets, 60 Tabs",Generic,60,1815,4827.9,2.66,0.04,"Aurobindo Unit III, India",See DN-1838 (ID#:82887),See DN-1838 (ID#:82887),10.41
85118,Haiti,PMO - US,From RDC,N/A - From RDC,Air,2-Jun-10,9-Jun-10,ARV,Adult,SCMS from RDC,SKU0003,"Lamivudine 150mg, tablets, 60 Tabs",Generic,60,8520,19851.6,2.33,0.04,"Strides, Bangalore, India.",See DN-1842 (ID#:84007),See DN-1842 (ID#:84007),42.8
85119,Haiti,PMO - US,From RDC,N/A - From RDC,Air,30-Jun-10,9-Jun-10,ARV,Pediatric,SCMS from RDC,SKU0066,"Efavirenz 200mg, capsule, 90 Caps",Generic,90,1176,11842.32,10.07,0.11,"Aurobindo Unit III, India",See DN-1847 (ID#:82889),See DN-1847 (ID#:82889),25.53
85120,Haiti,PMO - US,From RDC,N/A - From RDC,Air,30-Jun-10,9-Jun-10,ARV,Adult,SCMS from RDC,SKU0059,"Stavudine 20mg, capsules, 60 Caps",Generic,60,504,720.72,1.43,0.02,"Aurobindo Unit III, India",See DN-1847 (ID#:82889),See DN-1847 (ID#:82889),1.55
85121,Uganda,PMO - US,From RDC,N/A - From RDC,Air,30-Jun-10,22-Jun-10,ARV,Adult,SCMS from RDC,SKU0105,"Emtricitabine/Tenofovir Disoproxil Fumarate 200/300mg, tablets, 30 Tabs",Generic,30,1500,17625,11.75,0.39,Mylan (formerly Matrix) Nashik,109,2288.29,38
85122,Nigeria,PMO - US,From RDC,N/A - From RDC,Air,31-May-10,18-May-10,ARV,Adult,SCMS from RDC,SKU0011,"Lamivudine/Zidovudine 150/300mg, tablets, 60 Tabs",Generic,60,176143,1543012.68,8.76,0.15,Hetero Unit III Hyderabad IN,15200,9735.95,3326.74
85123,Uganda,PMO - US,From RDC,N/A - From RDC,Air,30-Jun-10,15-Jun-10,ARV,Adult,SCMS from RDC,SKU0007,"Nevirapine 200mg, tablets, 60 Tabs",Generic,60,2500,6825,2.73,0.05,"Strides, Bangalore, India.",132,3661.42,14.71
85124,Nigeria,PMO - US,From RDC,N/A - From RDC,Air,15-Jul-10,28-Jun-10,ARV,Adult,SCMS from RDC,SKU0007,"Nevirapine 200mg, tablets, 60 Tabs",Generic,60,35199,96093.27,2.73,0.05,"Strides, Bangalore, India.",2411,Freight Included in Commodity Cost,207.18
85125,Nigeria,PMO - US,From RDC,N/A - From RDC,Air,15-Jul-10,28-Jun-10,ARV,Adult,SCMS from RDC,SKU0007,"Nevirapine 200mg, tablets, 60 Tabs",Generic,60,20000,54600,2.73,0.05,"Strides, Bangalore, India.",1370,Freight Included in Commodity Cost,117.72
85126,Nigeria,PMO - US,From RDC,N/A - From RDC,Air,15-Jul-10,28-Jun-10,ARV,Adult,SCMS from RDC,SKU0026,"Efavirenz 600mg, tablets, 30 Tabs",Generic,30,5000,23000,4.6,0.15,"Aurobindo Unit III, India",428,Freight Included in Commodity Cost,49.59
85127,Nigeria,PMO - US,From RDC,N/A - From RDC,Air,15-Jul-10,28-Jun-10,ARV,Adult,SCMS from RDC,SKU0054,"Lamivudine/Nevirapine/Zidovudine 150/200/300mg, tablets, 60 Tabs",Generic,60,34379,385732.38,11.22,0.19,"Aurobindo Unit III, India",4013,Freight Included in Commodity Cost,831.64
85128,Nigeria,PMO - US,From RDC,N/A - From RDC,Air,15-Jul-10,28-Jun-10,ARV,Adult,SCMS from RDC,SKU0107,"Lamivudine/Tenofovir Disoproxil Fumarate 300/300mg, tablets, 30 Tabs",Generic,30,45000,450000,10,0.33,Mylan (formerly Matrix) Nashik,4050,Freight Included in Commodity Cost,970.2
85129,Nigeria,PMO - US,From RDC,N/A - From RDC,Air,15-Jul-10,28-Jun-10,ARV,Adult,SCMS from RDC,SKU0107,"Lamivudine/Tenofovir Disoproxil Fumarate 300/300mg, tablets, 30 Tabs",Generic,30,20000,200000,10,0.33,Mylan (formerly Matrix) Nashik,1801,Freight Included in Commodity Cost,431.2
85130,Uganda,PMO - US,From RDC,N/A - From RDC,Air,4-Aug-10,19-Jul-10,ARV,Adult,SCMS from RDC,SKU0105,"Emtricitabine/Tenofovir Disoproxil Fumarate 200/300mg, tablets, 30 Tabs",Generic,30,2500,29375,11.75,0.39,Mylan (formerly Matrix) Nashik,See DN-1943 (ID#:83443),See DN-1943 (ID#:83443),63.33
85131,Nigeria,PMO - US,From RDC,N/A - From RDC,Air Charter,15-Jul-10,28-Jun-10,ARV,Adult,SCMS from RDC,SKU0011,"Lamivudine/Zidovudine 150/300mg, tablets, 60 Tabs",Generic,60,15000,131400,8.76,0.15,"Aurobindo Unit III, India",1040,Freight Included in Commodity Cost,283.3
85132,Zimbabwe,PMO - US,From RDC,N/A - From RDC,Air,30-Jul-10,22-Jul-10,ARV,Adult,SCMS from RDC,SKU0044,"Lamivudine/Nevirapine/Stavudine 150/200/30mg, tablets, 60 Tabs",Generic,60,2100,12033,5.73,0.1,"Strides, Bangalore, India.",See DN-1948 (ID#:82906),See DN-1948 (ID#:82906),25.94
85133,Uganda,PMO - US,From RDC,N/A - From RDC,Air,4-Aug-10,2-Aug-10,ARV,Adult,SCMS from RDC,SKU0026,"Efavirenz 600mg, tablets, 30 Tabs",Generic,30,3000,13350,4.45,0.15,"Strides, Bangalore, India.",See DN-1949 (ID#:83444),See DN-1949 (ID#:83444),28.78
85134,Uganda,PMO - US,From RDC,N/A - From RDC,Air,4-Aug-10,2-Aug-10,ARV,Adult,SCMS from RDC,SKU0007,"Nevirapine 200mg, tablets, 60 Tabs",Generic,60,3000,8190,2.73,0.05,"Cipla, Goa, India",See DN-1949 (ID#:83444),See DN-1949 (ID#:83444),17.66
85135,Nigeria,PMO - US,From RDC,N/A - From RDC,Air Charter,16-Aug-10,17-Aug-10,ARV,Adult,SCMS from RDC,SKU0054,"Lamivudine/Nevirapine/Zidovudine 150/200/300mg, tablets, 60 Tabs",Generic,60,5000,56100,11.22,0.19,"Aurobindo Unit III, India",659,6147.18,120.95
85136,Nigeria,PMO - US,From RDC,N/A - From RDC,Air Charter,9-Aug-10,17-Aug-10,ARV,Adult,SCMS from RDC,SKU0105,"Emtricitabine/Tenofovir Disoproxil Fumarate 200/300mg, tablets, 30 Tabs",Generic,30,3000,35250,11.75,0.39,Mylan (formerly Matrix) Nashik,270,6147.18,76
85137,Côte d'Ivoire,PMO - US,From RDC,N/A - From RDC,Air,31-Aug-10,23-Aug-10,ARV,Adult,SCMS from RDC,SKU0104,"Lamivudine/Stavudine 150/30mg, tablets, 60 Tabs",Generic,60,11994,39340.32,3.28,0.05,Mylan (formerly Matrix) Nashik,See DN-1984 (ID#:83453),See DN-1984 (ID#:83453),84.82
85138,Côte d'Ivoire,PMO - US,From RDC,N/A - From RDC,Air,31-Aug-10,23-Aug-10,ARV,Adult,SCMS from RDC,SKU0104,"Lamivudine/Stavudine 150/30mg, tablets, 60 Tabs",Generic,60,441,1446.48,3.28,0.05,"Strides, Bangalore, India.",See DN-1984 (ID#:83453),See DN-1984 (ID#:83453),3.12
85139,Uganda,PMO - US,From RDC,N/A - From RDC,Air,29-Aug-10,27-Aug-10,ARV,Adult,SCMS from RDC,SKU0105,"Emtricitabine/Tenofovir Disoproxil Fumarate 200/300mg, tablets, 30 Tabs",Generic,30,4000,47000,11.75,0.39,Mylan (formerly Matrix) Nashik,365,6068.75,101.33
85140,Nigeria,PMO - US,From RDC,N/A - From RDC,Air Charter,12-Aug-10,17-Aug-10,ARV,Adult,SCMS from RDC,SKU0007,"Nevirapine 200mg, tablets, 60 Tabs",Generic,60,28600,78078,2.73,0.05,"Aurobindo Unit III, India",3344,6147.14,168.34
85141,Nigeria,PMO - US,From RDC,N/A - From RDC,Air Charter,12-Aug-10,17-Aug-10,ARV,Adult,SCMS from RDC,SKU0007,"Nevirapine 200mg, tablets, 60 Tabs",Generic,60,3322,9069.06,2.73,0.05,"Aurobindo Unit III, India",377,6147.18,19.55
85142,Uganda,PMO - US,From RDC,N/A - From RDC,Air,29-Oct-10,27-Sep-10,ARV,Adult,SCMS from RDC,SKU0011,"Lamivudine/Zidovudine 150/300mg, tablets, 60 Tabs",Generic,60,4399,37611.45,8.55,0.14,Mylan (formerly Matrix) Nashik,See DN-1997 (ID#:82914),See DN-1997 (ID#:82914),81.09
85143,Uganda,PMO - US,From RDC,N/A - From RDC,Air,30-Sep-10,23-Aug-10,ARV,Adult,SCMS from RDC,SKU0026,"Efavirenz 600mg, tablets, 30 Tabs",Generic,30,667,2968.15,4.45,0.15,Mylan (formerly Matrix) Nashik,See DN-1998 (ID#:84589),See DN-1998 (ID#:84589),6.4
85144,Côte d'Ivoire,PMO - US,From RDC,N/A - From RDC,Air,14-Sep-10,6-Sep-10,ARV,Adult,SCMS from RDC,SKU0011,"Lamivudine/Zidovudine 150/300mg, tablets, 60 Tabs",Generic,60,61920,542419.2,8.76,0.15,Hetero Unit III Hyderabad IN,5334,8815.65,1169.46
85145,Uganda,PMO - US,From RDC,N/A - From RDC,Air,30-Sep-10,2-Sep-10,ARV,Adult,SCMS from RDC,SKU0011,"Lamivudine/Zidovudine 150/300mg, tablets, 60 Tabs",Generic,60,40213,343821.15,8.55,0.14,Hetero Unit III Hyderabad IN,3457,35689.71,741.28
85146,Zambia,PMO - US,From RDC,N/A - From RDC,Air,22-Sep-10,1-Sep-10,ARV,Adult,SCMS from RDC,SKU0044,"Lamivudine/Nevirapine/Stavudine 150/200/30mg, tablets, 60 Tabs",Generic,60,56054,327915.9,5.85,0.1,"Strides, Bangalore, India.",15140,16249.55,706.99
85147,Zambia,PMO - US,From RDC,N/A - From RDC,Air,27-Sep-10,8-Sep-10,ARV,Adult,SCMS from RDC,SKU0003,"Lamivudine 150mg, tablets, 60 Tabs",Generic,60,6580,15331.4,2.33,0.04,Hetero Unit III Hyderabad IN,579,4658.75,33.05
85148,Côte d'Ivoire,PMO - US,From RDC,N/A - From RDC,Air,30-Sep-10,25-Sep-10,ARV,Adult,SCMS from RDC,SKU0135,"Lopinavir/Ritonavir 200/50mg, tablets, 120 Tabs",Generic,120,4360,168950,38.75,0.32,"Aurobindo Unit III, India",See DN-2011 (ID#:82350),See DN-2011 (ID#:82350),364.26
85149,Côte d'Ivoire,PMO - US,From RDC,N/A - From RDC,Truck,19-Oct-10,25-Sep-10,ARV,Adult,SCMS from RDC,SKU0054,"Lamivudine/Nevirapine/Zidovudine 150/200/300mg, tablets, 60 Tabs",Generic,60,118170,1325867.4,11.22,0.19,Mylan (formerly Matrix) Nashik,See DN-2012 (ID#:84040),See DN-2012 (ID#:84040),2858.57
85150,Haiti,PMO - US,From RDC,N/A - From RDC,Air,30-Sep-10,7-Oct-10,ARV,Adult,SCMS from RDC,SKU0011,"Lamivudine/Zidovudine 150/300mg, tablets, 60 Tabs",Generic,60,52752,451029.6,8.55,0.14,Hetero Unit III Hyderabad IN,See DN-2015 (ID#:82917),See DN-2015 (ID#:82917),972.42
85151,Zambia,PMO - US,From RDC,N/A - From RDC,Truck,4-Nov-10,12-Oct-10,ARV,Adult,SCMS from RDC,SKU0044,"Lamivudine/Nevirapine/Stavudine 150/200/30mg, tablets, 60 Tabs",Generic,60,59746,342344.58,5.73,0.1,"Strides, Bangalore, India.",See DN-2018 (ID#:82352),See DN-2018 (ID#:82352),738.09
85152,Zimbabwe,PMO - US,From RDC,N/A - From RDC,Truck,30-Sep-10,4-Oct-10,ARV,Adult,SCMS from RDC,SKU0044,"Lamivudine/Nevirapine/Stavudine 150/200/30mg, tablets, 60 Tabs",Generic,60,50000,286500,5.73,0.1,"Cipla, Goa, India",See DN-2019 (ID#:82919),See DN-2019 (ID#:82919),617.69
85153,Haiti,PMO - US,From RDC,N/A - From RDC,Air,8-Oct-10,21-Oct-10,ARV,Pediatric,SCMS from RDC,SKU0076,"Stavudine 1mg/ml, powder for oral solution, 200 ml",Generic,200,600,810,1.35,0.01,"Aurobindo Unit III, India",69,29153.27,1.75
85154,Uganda,PMO - US,From RDC,N/A - From RDC,Air,20-Oct-10,25-Oct-10,ARV,Adult,SCMS from RDC,SKU0011,"Lamivudine/Zidovudine 150/300mg, tablets, 60 Tabs",Generic,60,21506,183876.3,8.55,0.14,Hetero Unit III Hyderabad IN,See DN-2026 (ID#:84047),See DN-2026 (ID#:84047),396.44
85155,Uganda,PMO - US,From RDC,N/A - From RDC,Air,20-Oct-10,25-Oct-10,ARV,Adult,SCMS from RDC,SKU0105,"Emtricitabine/Tenofovir Disoproxil Fumarate 200/300mg, tablets, 30 Tabs",Generic,30,8375,98406.25,11.75,0.39,Mylan (formerly Matrix) Nashik,See DN-2026 (ID#:84047),See DN-2026 (ID#:84047),212.16
85156,Zambia,PMO - US,From RDC,N/A - From RDC,Truck,4-Nov-10,22-Oct-10,ARV,Adult,SCMS from RDC,SKU0007,"Nevirapine 200mg, tablets, 60 Tabs",Generic,60,150000,399000,2.66,0.04,Hetero Unit III Hyderabad IN,8754,8109.91,860.24
85157,Nigeria,PMO - US,From RDC,N/A - From RDC,Air,22-Oct-10,10-Nov-10,ARV,Pediatric,SCMS from RDC,SKU0066,"Efavirenz 200mg, capsule, 90 Caps",Generic,90,2150,20876.5,9.71,0.11,"Aurobindo Unit III, India",See DN-2025 (ID#:83460),See DN-2025 (ID#:83460),45.01
85158,Nigeria,PMO - US,From RDC,N/A - From RDC,Air,22-Oct-10,10-Nov-10,ARV,Adult,SCMS from RDC,SKU0107,"Lamivudine/Tenofovir Disoproxil Fumarate 300/300mg, tablets, 30 Tabs",Generic,30,21400,206082,9.63,0.32,Mylan (formerly Matrix) Nashik,See DN-2025 (ID#:83460),See DN-2025 (ID#:83460),444.31
85159,Zambia,PMO - US,From RDC,N/A - From RDC,Truck,4-Nov-10,8-Nov-10,ARV,Adult,SCMS from RDC,SKU0026,"Efavirenz 600mg, tablets, 30 Tabs",Generic,30,128000,578560,4.52,0.15,"Emcure Plot No.P-2, I.T-B.T. Park, Phase II, MIDC, Hinjwadi, Pune, India",See DN-2032 (ID#:82921),See DN-2032 (ID#:82921),1247.38
85160,Côte d'Ivoire,PMO - US,From RDC,N/A - From RDC,Truck,30-Nov-10,26-Nov-10,ARV,Pediatric,SCMS from RDC,SKU0005,"Zidovudine 10mg/ml, oral solution, Bottle, 240 ml",Generic,240,7483,15115.66,2.02,0.01,"Aurobindo Unit III, India",See DN-2035 (ID#:82356),See DN-2035 (ID#:82356),32.59
85161,Mozambique,PMO - US,From RDC,N/A - From RDC,Air,30-Nov-10,13-Dec-10,ARV,Adult,SCMS from RDC,SKU0104,"Lamivudine/Stavudine 150/30mg, tablets, 60 Tabs",Generic,60,8556,28063.68,3.28,0.05,Mylan (formerly Matrix) Nashik,643,4156.94,60.51
85162,Côte d'Ivoire,PMO - US,From RDC,N/A - From RDC,Truck,28-Oct-10,23-Nov-10,ARV,Adult,SCMS from RDC,SKU0011,"Lamivudine/Zidovudine 150/300mg, tablets, 60 Tabs",Generic,60,50928,435434.4,8.55,0.14,Hetero Unit III Hyderabad IN,See DN-2033 (ID#:82922),See DN-2033 (ID#:82922),938.8
85163,Zimbabwe,PMO - US,From RDC,N/A - From RDC,Truck,30-Nov-10,25-Nov-10,ARV,Adult,SCMS from RDC,SKU0044,"Lamivudine/Nevirapine/Stavudine 150/200/30mg, tablets, 60 Tabs",Generic,60,112100,608703,5.43,0.09,"Cipla, Goa, India",See DN-2041 (ID#:83461),See DN-2041 (ID#:83461),1312.36
85165,Côte d'Ivoire,PMO - US,From RDC,N/A - From RDC,Air,30-Nov-10,9-Dec-10,ARV,Pediatric,SCMS from RDC,SKU0005,"Zidovudine 10mg/ml, oral solution, Bottle, 240 ml",Generic,240,551,1113.02,2.02,0.01,"Aurobindo Unit III, India",See DN-2064 (ID#:83469),See DN-2064 (ID#:83469),2.4
85167,Haiti,PMO - US,From RDC,N/A - From RDC,Air,20-Dec-10,5-Jan-11,ARV,Pediatric,SCMS from RDC,SKU0130,"Lamivudine 10mg/ml, oral solution w/syringe, Bottle, 240 ml",Generic,240,4810,8898.5,1.85,0.01,"Aurobindo Unit III, India",See DN-2073 (ID#:82362),See DN-2073 (ID#:82362),19.19
85168,Côte d'Ivoire,PMO - US,From RDC,N/A - From RDC,Air,15-Dec-10,15-Dec-10,ARV,Adult,SCMS from RDC,SKU0058,"Abacavir 300mg, tablets, 60 Tabs",Generic,60,800,13152,16.44,0.27,"Aurobindo Unit III, India",364,2700.18,28.36
85169,Uganda,PMO - US,From RDC,N/A - From RDC,Truck,14-Jan-11,14-Jan-11,ARV,Adult,SCMS from RDC,SKU0054,"Lamivudine/Nevirapine/Zidovudine 150/200/300mg, tablets, 60 Tabs",Generic,60,9255,103841.1,11.22,0.19,"Aurobindo Unit III, India",1243,6120.6,223.88
85171,Guatemala,PMO - US,From RDC,N/A - From RDC,Air,31-Jan-11,24-Jan-11,ARV,Pediatric,SCMS from RDC,SKU0049,"Efavirenz 50mg, capsule, 30 Caps",Generic,30,1467,3286.08,2.24,0.07,"Aurobindo Unit III, India",See DN-2089 (ID#:83478),See DN-2089 (ID#:83478),5.42
85172,Nigeria,PMO - US,From RDC,N/A - From RDC,Air Charter,22-Feb-11,16-Feb-11,ARV,Adult,SCMS from RDC,SKU0105,"Emtricitabine/Tenofovir Disoproxil Fumarate 200/300mg, tablets, 30 Tabs",Generic,30,55488,605928.96,10.92,0.36,Mylan (formerly Matrix) Nashik,See DN-2090 (ID#:82366),See DN-2090 (ID#:82366),1306.38
85173,Nigeria,PMO - US,From RDC,N/A - From RDC,Air Charter,22-Feb-11,16-Feb-11,ARV,Adult,SCMS from RDC,SKU0004,"Stavudine 30mg, capsules, 60 Caps",Generic,60,200,280,1.4,0.02,"Aurobindo Unit III, India",See DN-2090 (ID#:82366),See DN-2090 (ID#:82366),0.6
85174,Guatemala,PMO - US,From RDC,N/A - From RDC,Air,31-Jan-11,10-Feb-11,ARV,Adult,SCMS from RDC,SKU0058,"Abacavir 300mg, tablets, 60 Tabs",Generic,60,2005,31077.5,15.5,0.26,Mylan (formerly Matrix) Nashik,2634,20805.8,51.28
85175,Guatemala,PMO - US,From RDC,N/A - From RDC,Air,31-Jan-11,10-Feb-11,ARV,Adult,SCMS from RDC,SKU0026,"Efavirenz 600mg, tablets, 30 Tabs",Generic,30,34553,149268.96,4.32,0.14,"Emcure Plot No.P-2, I.T-B.T. Park, Phase II, MIDC, Hinjwadi, Pune, India",See DN-2100 (ID#:85174),See DN-2100 (ID#:85174),246.29
85176,Tanzania,PMO - US,From RDC,N/A - From RDC,Air,28-Feb-11,28-Feb-11,ARV,Pediatric,SCMS from RDC,SKU0082,"Didanosine 100mg, chewable/dispersible tablets, 60 Tabs",Generic,60,2292,17694.24,7.72,0.13,"Aurobindo Unit III, India",617,1647,38.15
85177,Côte d'Ivoire,PMO - US,From RDC,N/A - From RDC,Air,31-Jan-11,22-Feb-11,ARV,Pediatric,SCMS from RDC,SKU0066,"Efavirenz 200mg, capsule, 90 Caps",Generic,90,492,4777.32,9.71,0.11,"Aurobindo Unit III, India",See DN-2106 (ID#:82933),See DN-2106 (ID#:82933),10.3
85178,Côte d'Ivoire,PMO - US,From RDC,N/A - From RDC,Air,31-Jan-11,22-Feb-11,ARV,Adult,SCMS from RDC,SKU0058,"Abacavir 300mg, tablets, 60 Tabs",Generic,60,2436,37758,15.5,0.26,Mylan (formerly Matrix) Nashik,See DN-2108 (ID#:82368),See DN-2108 (ID#:82368),81.41
85179,Uganda,PMO - US,From RDC,N/A - From RDC,Truck,28-Feb-11,22-Mar-11,ARV,Adult,SCMS from RDC,SKU0011,"Lamivudine/Zidovudine 150/300mg, tablets, 60 Tabs",Generic,60,6361,52541.86,8.26,0.14,Hetero Unit III Hyderabad IN,See DN-2121 (ID#:82370),See DN-2121 (ID#:82370),113.28
85180,Côte d'Ivoire,PMO - US,From RDC,N/A - From RDC,Air,31-Mar-11,29-Mar-11,ARV,Pediatric,SCMS from RDC,SKU0145,"Abacavir 20mg/ml, oral solution w/syringe, Bottle, 240 ml",Generic,240,448,6137.6,13.7,0.06,"Aurobindo Unit III, India",1135,17941.47,10.13
85181,Uganda,PMO - US,From RDC,N/A - From RDC,Truck,31-Mar-11,1-Apr-11,ARV,Adult,SCMS from RDC,SKU0007,"Nevirapine 200mg, tablets, 60 Tabs",Generic,60,11979,30067.29,2.51,0.04,"Strides, Bangalore, India.",See DN-2144 (ID#:83493),See DN-2144 (ID#:83493),64.83
85183,Nigeria,PMO - US,From RDC,N/A - From RDC,Air Charter,30-Mar-11,11-May-11,ARV,Adult,SCMS from RDC,SKU0132,"Efavirenz/Emtricitabine/Tenofovir Disoproxil Fumarate 600/200/300mg, tablets, 30 Tabs",Generic,30,19836,395133.12,19.92,0.66,Mylan (formerly Matrix) Nashik,2164,12601.06,851.91
85184,Uganda,PMO - US,From RDC,N/A - From RDC,Truck,11-May-11,24-May-11,ARV,Adult,SCMS from RDC,SKU0026,"Efavirenz 600mg, tablets, 30 Tabs",Generic,30,45000,194400,4.32,0.14,Mylan (formerly Matrix) Nashik,5075,23711.16,320.76
85185,Zimbabwe,PMO - US,From RDC,N/A - From RDC,Truck,31-May-11,9-Jun-11,ARV,Adult,SCMS from RDC,SKU0007,"Nevirapine 200mg, tablets, 60 Tabs",Generic,60,9073,22773.23,2.51,0.04,"Strides, Bangalore, India.",521,2494.56,49.1
85186,Uganda,PMO - US,From RDC,N/A - From RDC,Truck,6-Jun-11,1-Jun-11,ARV,Adult,SCMS from RDC,SKU0026,"Efavirenz 600mg, tablets, 30 Tabs",Generic,30,2950,12449,4.22,0.14,Mylan (formerly Matrix) Nashik,See DN-2201 (ID#:84644),See DN-2201 (ID#:84644),20.54
85187,Zimbabwe,PMO - US,From RDC,N/A - From RDC,Truck,30-Mar-11,13-Jun-11,ARV,Pediatric,SCMS from RDC,SKU0066,"Efavirenz 200mg, capsule, 90 Caps",Generic,90,811,7874.81,9.71,0.11,"Aurobindo Unit III, India",103,1224.02,16.98
85188,Tanzania,PMO - US,From RDC,N/A - From RDC,Truck,28-Apr-11,1-Jun-11,ARV,Adult,SCMS from RDC,SKU0132,"Efavirenz/Emtricitabine/Tenofovir Disoproxil Fumarate 600/200/300mg, tablets, 30 Tabs",Generic,30,28200,561744,19.92,0.66,Mylan (formerly Matrix) Nashik,3076,3859,926.88
85189,Nigeria,PMO - US,From RDC,N/A - From RDC,Air Charter,15-Jun-11,6-Jul-11,ARV,Adult,SCMS from RDC,SKU0029,"Tenofovir Disoproxil Fumarate 300mg, tablets, 30 Tabs",Generic,30,3000,19710,6.57,0.22,"Aurobindo Unit III, India",263,13398.06,32.52
85190,Ethiopia,PMO - US,From RDC,N/A - From RDC,Air,21-Jun-11,1-Jun-11,ARV,Adult,SCMS from RDC,SKU0026,"Efavirenz 600mg, tablets, 30 Tabs",Generic,30,49142,207379.24,4.22,0.14,Hetero Unit III Hyderabad IN,See DN-2234 (ID#:82386),See DN-2234 (ID#:82386),342.18
85191,Ethiopia,PMO - US,From RDC,N/A - From RDC,Air,21-Jun-11,1-Jun-11,ARV,Adult,SCMS from RDC,SKU0026,"Efavirenz 600mg, tablets, 30 Tabs",Generic,30,10158,42866.76,4.22,0.14,"Aurobindo Unit III, India",Weight Captured Separately,Invoiced Separately,70.73
85192,Belize,PMO - US,From RDC,N/A - From RDC,Air,15-Jul-11,1-Jul-11,ARV,Pediatric,SCMS from RDC,SKU0117,"Zidovudine 10mg/ml, oral solution w/syringe, Bottle, 240 ml",Generic,240,300,630,2.1,0.01,"Aurobindo Unit III, India",Weight Captured Separately,1959.61,1.04
85193,Ghana,PMO - US,From RDC,N/A - From RDC,Air,4-Jul-11,20-Jul-11,ARV,Adult,SCMS from RDC,SKU0029,"Tenofovir Disoproxil Fumarate 300mg, tablets, 30 Tabs",Generic,30,10914,70067.88,6.42,0.21,Mylan (formerly Matrix) Nashik,611,226.25,115.61
85194,Mozambique,PMO - US,From RDC,N/A - From RDC,Truck,31-Aug-11,30-Aug-11,ARV,Adult,SCMS from RDC,SKU0004,"Stavudine 30mg, capsules, 60 Caps",Generic,60,420,588,1.4,0.02,"Aurobindo Unit III, India",36,843.36,0.97
85195,Zimbabwe,PMO - US,From RDC,N/A - From RDC,Air,30-Sep-11,4-Aug-11,ARV,Pediatric,SCMS from RDC,SKU0169,"Lamivudine/Stavudine 60/12mg, dispersible tablets, 60 Tabs",Generic,60,5287,17447.1,3.3,0.06,"Cipla, Goa, India",357,2001.46,37.62
85196,Haiti,PMO - US,From RDC,N/A - From RDC,Air,22-Jul-11,17-Jul-11,ARV,Pediatric,SCMS from RDC,SKU0126,"Nevirapine 10mg/ml, oral suspension w/syringe, Bottle, 240 ml",Generic,240,3100,6045,1.95,0.01,"Aurobindo Unit III, India",1156,14661.14,13.03
85198,Côte d'Ivoire,PMO - US,From RDC,N/A - From RDC,Air,27-Sep-11,12-Sep-11,ARV,Adult,SCMS from RDC,SKU0054,"Lamivudine/Nevirapine/Zidovudine 150/200/300mg, tablets, 60 Tabs",Generic,60,23147,259709.34,11.22,0.19,"Aurobindo Unit III, India",See DN-2304 (ID#:82395),See DN-2304 (ID#:82395),428.52
85200,Zimbabwe,PMO - US,From RDC,N/A - From RDC,Truck,30-Sep-11,7-Oct-11,ARV,Adult,SCMS from RDC,SKU0044,"Lamivudine/Nevirapine/Stavudine 150/200/30mg, tablets, 60 Tabs",Generic,60,9226,49635.88,5.38,0.09,"Cipla, Goa, India",See DN-2343 (ID#:82977),See DN-2343 (ID#:82977),81.9
85201,Guyana,PMO - US,From RDC,N/A - From RDC,Air,15-Dec-11,28-Sep-11,ARV,Pediatric,SCMS from RDC,SKU0126,"Nevirapine 10mg/ml, oral suspension w/syringe, Bottle, 240 ml",Generic,240,659,1285.05,1.95,0.01,"Aurobindo Unit III, India",See DN-2361 (ID#:84673),See DN-2361 (ID#:84673),2.12
85202,Tanzania,PMO - US,From RDC,N/A - From RDC,Truck,3-Oct-11,23-Sep-11,ARV,Adult,SCMS from RDC,SKU0132,"Efavirenz/Emtricitabine/Tenofovir Disoproxil Fumarate 600/200/300mg, tablets, 30 Tabs",Generic,30,3428,68285.76,19.92,0.66,Mylan (formerly Matrix) Nashik,396,1047.17,112.67
85203,Zimbabwe,PMO - US,From RDC,N/A - From RDC,Truck,14-Oct-11,21-Oct-11,ARV,Pediatric,SCMS from RDC,SKU0140,"Lamivudine/Nevirapine/Zidovudine 30/50/60mg, dispersible tablets, 60 Tabs",Generic,60,24940,105995,4.25,0.07,Mylan (formerly Matrix) Nashik,1456,2326.77,228.53
85204,Zimbabwe,PMO - US,From RDC,N/A - From RDC,Truck,27-Oct-11,21-Oct-11,ARV,Pediatric,SCMS from RDC,SKU0071,"Abacavir 20mg/ml, oral solution, Bottle, 240 ml",Generic,240,808,10100,12.5,0.05,"Aurobindo Unit III, India",298,1360.32,16.66
85205,Swaziland,PMO - US,From RDC,N/A - From RDC,Air,12-Dec-11,18-Oct-11,ARV,Adult,SCMS from RDC,SKU0007,"Nevirapine 200mg, tablets, 60 Tabs",Generic,60,8277,21354.66,2.58,0.04,Hetero Unit III Hyderabad IN,See DN-2388 (ID#:83539),See DN-2388 (ID#:83539),35.24
85206,Côte d'Ivoire,PMO - US,From RDC,N/A - From RDC,Air,22-Nov-11,31-Oct-11,ARV,Adult,SCMS from RDC,SKU0058,"Abacavir 300mg, tablets, 60 Tabs",Generic,60,8640,129945.6,15.04,0.25,Mylan (formerly Matrix) Nashik,777,3274.41,214.41
85207,Mozambique,PMO - US,From RDC,N/A - From RDC,Truck,25-Jan-12,25-Jan-12,ARV,Adult,SCMS from RDC,SKU0003,"Lamivudine 150mg, tablets, 60 Tabs",Generic,60,1458,3397.14,2.33,0.04,Hetero Unit III Hyderabad IN,79,1078.61,5.61
85208,Tanzania,PMO - US,From RDC,N/A - From RDC,Truck,20-Dec-11,12-Dec-11,ARV,Pediatric,SCMS from RDC,SKU0140,"Lamivudine/Nevirapine/Zidovudine 30/50/60mg, dispersible tablets, 60 Tabs",Generic,60,9940,42245,4.25,0.07,Mylan (formerly Matrix) Nashik,562,6614.27,69.7
85209,Haiti,PMO - US,From RDC,N/A - From RDC,Air,31-Dec-11,20-Dec-11,ARV,Pediatric,SCMS from RDC,SKU0145,"Abacavir 20mg/ml, oral solution w/syringe, Bottle, 240 ml",Generic,240,320,4000,12.5,0.05,"Aurobindo Unit III, India",122,2053.52,6.6
85210,Rwanda,PMO - US,From RDC,N/A - From RDC,Truck,8-Dec-11,25-Nov-11,ARV,Adult,SCMS from RDC,SKU0134,"Didanosine 400mg, delayed-release capsules, 30 Caps",Generic,30,263,5260,20,0.67,"Aurobindo Unit III, India",21,14622.43,8.68
85211,Zambia,PMO - US,From RDC,N/A - From RDC,Truck,28-Feb-12,28-Nov-11,ARV,Adult,SCMS from RDC,SKU0014,"Zidovudine 300mg, tablets, 60 Tabs",Generic,60,5111,35879.22,7.02,0.12,Hetero Unit III Hyderabad IN,See DN-2434 (ID#:84684),See DN-2434 (ID#:84684),59.2
85212,Kenya,PMO - US,From RDC,N/A - From RDC,Air,30-Nov-11,11-Nov-11,ARV,Pediatric,SCMS from RDC,SKU0126,"Nevirapine 10mg/ml, oral suspension w/syringe, Bottle, 240 ml",Generic,240,4000,7800,1.95,0.01,"Aurobindo Unit III, India",1496,5752.74,10.94
85213,Rwanda,PMO - US,From RDC,N/A - From RDC,Air,5-Dec-11,2-Dec-11,ARV,Adult,SCMS from RDC,SKU0014,"Zidovudine 300mg, tablets, 60 Tabs",Generic,60,90,631.8,7.02,0.12,Hetero Unit III Hyderabad IN,See DN-2439 (ID#:82991),See DN-2439 (ID#:82991),1.04
85214,Zimbabwe,PMO - US,From RDC,N/A - From RDC,Truck,7-Dec-11,9-Dec-11,ARV,Adult,SCMS from RDC,SKU0104,"Lamivudine/Stavudine 150/30mg, tablets, 60 Tabs",Generic,60,4669,13773.55,2.95,0.05,"Strides, Bangalore, India.",See DN-2441 (ID#:82993),See DN-2441 (ID#:82993),22.73
85215,Nigeria,PMO - US,From RDC,N/A - From RDC,Air Charter,20-Dec-11,20-Dec-11,ARV,Adult,SCMS from RDC,SKU0054,"Lamivudine/Nevirapine/Zidovudine 150/200/300mg, tablets, 60 Tabs",Generic,60,129958,1458128.76,11.22,0.19,"Aurobindo Unit III, India",18907,15322.73,2405.91
85216,Côte d'Ivoire,PMO - US,From RDC,N/A - From RDC,Truck,6-Feb-12,6-Feb-12,ARV,Adult,SCMS from RDC,SKU0105,"Emtricitabine/Tenofovir Disoproxil Fumarate 200/300mg, tablets, 30 Tabs",Generic,30,11520,103334.4,8.97,0.3,"Aurobindo Unit III, India",See DN-2459 (ID#:82424),See DN-2459 (ID#:82424),170.5
85217,Côte d'Ivoire,PMO - US,From RDC,N/A - From RDC,Truck,6-Feb-12,6-Feb-12,ARV,Adult,SCMS from RDC,SKU0014,"Zidovudine 300mg, tablets, 60 Tabs",Generic,60,13590,95401.8,7.02,0.12,Mylan (formerly Matrix) Nashik,See DN-2459 (ID#:82424),See DN-2459 (ID#:82424),157.41
85219,Guyana,PMO - US,From RDC,N/A - From RDC,Air,31-Jan-12,18-Jan-12,ARV,Pediatric,SCMS from RDC,SKU0130,"Lamivudine 10mg/ml, oral solution w/syringe, Bottle, 240 ml",Generic,240,284,525.4,1.85,0.01,"Aurobindo Unit III, India",103,1783.38,0.87
85220,Haiti,PMO - US,From RDC,N/A - From RDC,Air,15-Feb-12,19-Jan-12,ARV,Pediatric,SCMS from RDC,SKU0117,"Zidovudine 10mg/ml, oral solution w/syringe, Bottle, 240 ml",Generic,240,4000,8400,2.1,0.01,"Aurobindo Unit III, India",1587,16163.28,13.86
85221,"Congo, DRC",PMO - US,From RDC,N/A - From RDC,Air,16-Mar-12,14-Feb-12,ARV,Adult,SCMS from RDC,SKU0054,"Lamivudine/Nevirapine/Zidovudine 150/200/300mg, tablets, 60 Tabs",Generic,60,254,2794,11,0.18,Mylan (formerly Matrix) Nashik,See DN-2495 (ID#:83555),See DN-2495 (ID#:83555),3.92
85222,"Congo, DRC",PMO - US,From RDC,N/A - From RDC,Air,16-Mar-12,14-Feb-12,ARV,Adult,SCMS from RDC,SKU0058,"Abacavir 300mg, tablets, 60 Tabs",Generic,60,17,248.71,14.63,0.24,Mylan (formerly Matrix) Nashik,See DN-2496 (ID#:82434),See DN-2496 (ID#:82434),0.35
85223,"Congo, DRC",PMO - US,From RDC,N/A - From RDC,Air,16-Mar-12,14-Feb-12,ARV,Adult,SCMS from RDC,SKU0135,"Lopinavir/Ritonavir 200/50mg, tablets, 120 Tabs",Generic,120,9,303.66,33.74,0.28,"Aurobindo Unit III, India",See DN-2497 (ID#:82435),See DN-2497 (ID#:82435),0.43
85224,"Congo, DRC",PMO - US,From RDC,N/A - From RDC,Air,16-Mar-12,14-Feb-12,ARV,Adult,SCMS from RDC,SKU0007,"Nevirapine 200mg, tablets, 60 Tabs",Generic,60,400,1032,2.58,0.04,"Strides, Bangalore, India.",See DN-2499 (ID#:83004),See DN-2499 (ID#:83004),1.45
85226,"Congo, DRC",PMO - US,From RDC,N/A - From RDC,Air,16-Mar-12,14-Mar-12,ARV,Pediatric,SCMS from RDC,SKU0126,"Nevirapine 10mg/ml, oral suspension w/syringe, Bottle, 240 ml",Generic,240,463,902.85,1.95,0.01,"Aurobindo Unit III, India",See DN-2505 (ID#:83561),See DN-2505 (ID#:83561),1.27
85227,"Congo, DRC",PMO - US,From RDC,N/A - From RDC,Air,16-Mar-12,14-Mar-12,ARV,Pediatric,SCMS from RDC,SKU0126,"Nevirapine 10mg/ml, oral suspension w/syringe, Bottle, 240 ml",Generic,240,620,1209,1.95,0.01,"Aurobindo Unit III, India",See DN-2506 (ID#:82439),See DN-2506 (ID#:82439),1.7
85228,"Congo, DRC",PMO - US,From RDC,N/A - From RDC,Air,16-Mar-12,13-Apr-12,ARV,Pediatric,SCMS from RDC,SKU0126,"Nevirapine 10mg/ml, oral suspension w/syringe, Bottle, 240 ml",Generic,240,151,294.45,1.95,0.01,"Aurobindo Unit III, India",See DN-2509 (ID#:82441),See DN-2509 (ID#:82441),0.41
85229,"Congo, DRC",PMO - US,From RDC,N/A - From RDC,Air,16-Mar-12,13-Apr-12,ARV,Adult,SCMS from RDC,SKU0107,"Lamivudine/Tenofovir Disoproxil Fumarate 300/300mg, tablets, 30 Tabs",Generic,30,19,115.52,6.08,0.2,Mylan (formerly Matrix) Nashik,See DN-2509 (ID#:82441),See DN-2509 (ID#:82441),0.16
85230,"Congo, DRC",PMO - US,From RDC,N/A - From RDC,Air,16-Mar-12,23-Mar-12,ARV,Adult,SCMS from RDC,SKU0014,"Zidovudine 300mg, tablets, 60 Tabs",Generic,60,105,737.1,7.02,0.12,Hetero Unit III Hyderabad IN,See DN-2510 (ID#:82442),See DN-2510 (ID#:82442),1.03
85232,Mozambique,PMO - US,From RDC,N/A - From RDC,Truck,29-Feb-12,8-Mar-12,ARV,Pediatric,SCMS from RDC,SKU0126,"Nevirapine 10mg/ml, oral suspension w/syringe, Bottle, 240 ml",Generic,240,41998,81896.1,1.95,0.01,"Aurobindo Unit III, India",12489,9458.64,135.13
85233,Zimbabwe,PMO - US,From RDC,N/A - From RDC,Truck,29-Feb-12,16-Feb-12,ARV,Adult,SCMS from RDC,SKU0044,"Lamivudine/Nevirapine/Stavudine 150/200/30mg, tablets, 60 Tabs",Generic,60,13212,71080.56,5.38,0.09,"Strides, Bangalore, India.",See DN-2519 (ID#:84141),See DN-2519 (ID#:84141),117.28
85234,"Congo, DRC",PMO - US,From RDC,N/A - From RDC,Air,22-Mar-12,22-Mar-12,ARV,Adult,SCMS from RDC,SKU0003,"Lamivudine 150mg, tablets, 60 Tabs",Generic,60,73,170.09,2.33,0.04,Hetero Unit III Hyderabad IN,5,491.43,0.24
85235,Haiti,PMO - US,From RDC,N/A - From RDC,Air,2-Mar-12,12-Mar-12,ARV,Adult,SCMS from RDC,SKU0058,"Abacavir 300mg, tablets, 60 Tabs",Generic,60,2250,32917.5,14.63,0.24,Mylan (formerly Matrix) Nashik,See DN-2535 (ID#:83011),See DN-2535 (ID#:83011),46.15
85236,Tanzania,PMO - US,From RDC,N/A - From RDC,Truck,30-Mar-12,12-Mar-12,ARV,Pediatric,SCMS from RDC,SKU0066,"Efavirenz 200mg, capsule, 90 Caps",Generic,90,6510,57743.7,8.87,0.1,"Aurobindo Unit III, India",830,1698.83,95.28
85237,Côte d'Ivoire,PMO - US,From RDC,N/A - From RDC,Air,19-Mar-12,24-Feb-12,ARV,Adult,SCMS from RDC,SKU0026,"Efavirenz 600mg, tablets, 30 Tabs",Generic,30,47614,196169.68,4.12,0.14,"Strides, Bangalore, India.",3453,9657.88,275.03
85238,Tanzania,PMO - US,From RDC,N/A - From RDC,Truck,6-Apr-12,14-Feb-12,ARV,Adult,SCMS from RDC,SKU0014,"Zidovudine 300mg, tablets, 60 Tabs",Generic,60,39402,276602.04,7.02,0.12,Hetero Unit III Hyderabad IN,See DN-2558 (ID#:82453),See DN-2558 (ID#:82453),456.39
85239,Nigeria,PMO - US,From RDC,N/A - From RDC,Air Charter,20-Jun-12,16-Feb-12,ARV,Pediatric,SCMS from RDC,SKU0066,"Efavirenz 200mg, capsule, 90 Caps",Generic,90,1530,13571.1,8.87,0.1,"Aurobindo Unit III, India",233,25231.96,19.03
85240,Nigeria,PMO - US,From RDC,N/A - From RDC,Air Charter,20-Jun-12,16-Feb-12,ARV,Adult,SCMS from RDC,SKU0029,"Tenofovir Disoproxil Fumarate 300mg, tablets, 30 Tabs",Generic,30,3000,16500,5.5,0.18,Mylan (formerly Matrix) Nashik,188,25231.96,23.13
85241,Nigeria,PMO - US,From RDC,N/A - From RDC,Air Charter,20-Jun-12,16-Feb-12,ARV,Adult,SCMS from RDC,SKU0003,"Lamivudine 150mg, tablets, 60 Tabs",Generic,60,19501,45437.33,2.33,0.04,Hetero Unit III Hyderabad IN,2046,25231.96,63.7
85242,Tanzania,PMO - US,From RDC,N/A - From RDC,Truck,11-Apr-12,11-Apr-12,ARV,Pediatric,SCMS from RDC,SKU0140,"Lamivudine/Nevirapine/Zidovudine 30/50/60mg, dispersible tablets, 60 Tabs",Generic,60,11262,47863.5,4.25,0.07,Mylan (formerly Matrix) Nashik,641,3279.25,78.97
85243,Zambia,PMO - US,From RDC,N/A - From RDC,Truck,15-May-12,27-Feb-12,ARV,Adult,SCMS from RDC,SKU0105,"Emtricitabine/Tenofovir Disoproxil Fumarate 200/300mg, tablets, 30 Tabs",Generic,30,54850,492004.5,8.97,0.3,Mylan (formerly Matrix) Nashik,2236,5447.21,811.81
85244,Burundi,PMO - US,From RDC,N/A - From RDC,Air,26-Apr-12,4-May-12,ARV,Adult,SCMS from RDC,SKU0008,"Lopinavir/Ritonavir 200/50mg [Aluvia], tablets, 120 Tabs",Aluvia,120,240,8097.6,33.74,0.28,ABBVIE Ludwigshafen Germany,See DN-2594 (ID#:83021),See DN-2594 (ID#:83021),11.35
85245,Uganda,PMO - US,From RDC,N/A - From RDC,Truck,24-Apr-12,27-Feb-12,ARV,Adult,SCMS from RDC,SKU0011,"Lamivudine/Zidovudine 150/300mg, tablets, 60 Tabs",Generic,60,2900,23200,8,0.13,"Aurobindo Unit III, India",See DN-2597 (ID#:82462),See DN-2597 (ID#:82462),32.53
85246,Côte d'Ivoire,PMO - US,From RDC,N/A - From RDC,Truck,19-Apr-12,19-Apr-12,ARV,Adult,SCMS from RDC,SKU0058,"Abacavir 300mg, tablets, 60 Tabs",Generic,60,10440,152737.2,14.63,0.24,Mylan (formerly Matrix) Nashik,See DN-2601 (ID#:84156),See DN-2601 (ID#:84156),252.02
85280,Uganda,PMO - US,From RDC,N/A - From RDC,Air,17-Aug-12,7-Aug-12,ARV,Adult,SCMS from RDC,SKU0011,"Lamivudine/Zidovudine 150/300mg, tablets, 60 Tabs",Generic,60,26574,206745.72,7.78,0.13,"Cipla, Goa, India",2369,19980.62,289.86
85247,Zimbabwe,PMO - US,From RDC,N/A - From RDC,Truck,13-Apr-12,10-Apr-12,ARV,Adult,SCMS from RDC,SKU0107,"Lamivudine/Tenofovir Disoproxil Fumarate 300/300mg, tablets, 30 Tabs",Generic,30,78082,474738.56,6.08,0.2,Mylan (formerly Matrix) Nashik,See DN-2605 (ID#:82467),See DN-2605 (ID#:82467),783.32
85248,Zimbabwe,PMO - US,From RDC,N/A - From RDC,Truck,13-Apr-12,10-Apr-12,ARV,Adult,SCMS from RDC,SKU0104,"Lamivudine/Stavudine 150/30mg, tablets, 60 Tabs",Generic,60,7150,21092.5,2.95,0.05,"Strides, Bangalore, India.",See DN-2605 (ID#:82467),See DN-2605 (ID#:82467),34.8
85249,Uganda,PMO - US,From RDC,N/A - From RDC,Truck,16-May-12,27-Mar-12,ARV,Adult,SCMS from RDC,SKU0054,"Lamivudine/Nevirapine/Zidovudine 150/200/300mg, tablets, 60 Tabs",Generic,60,12762,140382,11,0.18,Mylan (formerly Matrix) Nashik,See DN-2607 (ID#:83580),See DN-2607 (ID#:83580),231.63
85250,Zambia,PMO - US,From RDC,N/A - From RDC,Truck,27-Apr-12,16-Apr-12,ARV,Adult,SCMS from RDC,SKU0058,"Abacavir 300mg, tablets, 60 Tabs",Generic,60,15000,219450,14.63,0.24,Mylan (formerly Matrix) Nashik,1677,8510.81,307.67
85251,Mozambique,PMO - US,From RDC,N/A - From RDC,Truck,7-May-12,10-May-12,ARV,Adult,SCMS from RDC,SKU0044,"Lamivudine/Nevirapine/Stavudine 150/200/30mg, tablets, 60 Tabs",Generic,60,4666,25103.08,5.38,0.09,"Strides, Bangalore, India.",346,3580.36,41.42
85252,Zimbabwe,PMO - US,From RDC,N/A - From RDC,Truck,17-Apr-12,7-May-12,ARV,Adult,SCMS from RDC,SKU0044,"Lamivudine/Nevirapine/Stavudine 150/200/30mg, tablets, 60 Tabs",Generic,60,71030,382141.4,5.38,0.09,"Strides, Bangalore, India.",See DN-2621 (ID#:83583),See DN-2621 (ID#:83583),630.53
85253,Zambia,PMO - US,From RDC,N/A - From RDC,Truck,15-May-12,30-Apr-12,ARV,Adult,SCMS from RDC,SKU0011,"Lamivudine/Zidovudine 150/300mg, tablets, 60 Tabs",Generic,60,96655,773240,8,0.13,"Cipla, Goa, India",See DN-2624 (ID#:83584),See DN-2624 (ID#:83584),1275.85
85254,Zambia,PMO - US,From RDC,N/A - From RDC,Truck,15-May-12,30-Apr-12,ARV,Adult,SCMS from RDC,SKU0014,"Zidovudine 300mg, tablets, 60 Tabs",Generic,60,136109,955485.18,7.02,0.12,Hetero Unit III Hyderabad IN,See DN-2624 (ID#:83584),See DN-2624 (ID#:83584),1576.55
85255,Zambia,PMO - US,From RDC,N/A - From RDC,Truck,8-May-12,30-Apr-12,ARV,Adult,SCMS from RDC,SKU0026,"Efavirenz 600mg, tablets, 30 Tabs",Generic,30,109226,450011.12,4.12,0.14,"Strides, Bangalore, India.",6636,10598.2,630.92
85256,Nigeria,PMO - US,From RDC,N/A - From RDC,Air Charter,4-Jul-12,30-Apr-12,ARV,Adult,SCMS from RDC,SKU0054,"Lamivudine/Nevirapine/Zidovudine 150/200/300mg, tablets, 60 Tabs",Generic,60,326131,3587441,11,0.18,Mylan (formerly Matrix) Nashik,46522,27441.22,5029.59
85257,Dominican Republic,PMO - US,From RDC,N/A - From RDC,Air,21-May-12,4-May-12,ARV,Adult,SCMS from RDC,SKU0003,"Lamivudine 150mg, tablets, 60 Tabs",Generic,60,1005,2341.65,2.33,0.04,Macleods Daman Plant INDIA,544,4392.94,3.28
85258,Dominican Republic,PMO - US,From RDC,N/A - From RDC,Air,21-May-12,16-May-12,ARV,Adult,SCMS from RDC,SKU0162,"Abacavir/Lamivudine 600/300mg, scored tablets, 30 Tabs",Generic,30,330,7425,22.5,0.75,Mylan (formerly Matrix) Nashik,See DN-2639 (ID#:83588),See DN-2639 (ID#:83588),10.41
85259,Libya,PMO - US,From RDC,N/A - From RDC,Air,23-May-12,23-May-12,ARV,Adult,SCMS from RDC,SKU0029,"Tenofovir Disoproxil Fumarate 300mg, tablets, 30 Tabs",Generic,30,368,2024,5.5,0.18,Mylan (formerly Matrix) Nashik,See DN-2641 (ID#:83029),See DN-2641 (ID#:83029),2.84
85260,Nigeria,PMO - US,From RDC,N/A - From RDC,Air Charter,2-Aug-12,30-Apr-12,ARV,Adult,SCMS from RDC,SKU0107,"Lamivudine/Tenofovir Disoproxil Fumarate 300/300mg, tablets, 30 Tabs",Generic,30,39680,219827.2,5.54,0.18,Mylan (formerly Matrix) Nashik,3329,27441.25,308.2
85261,Zimbabwe,PMO - US,From RDC,N/A - From RDC,Truck,31-May-12,25-May-12,ARV,Adult,SCMS from RDC,SKU0026,"Efavirenz 600mg, tablets, 30 Tabs",Generic,30,17422,71778.64,4.12,0.14,"Strides, Bangalore, India.",See DN-2655 (ID#:82474),See DN-2655 (ID#:82474),118.43
85262,Côte d'Ivoire,PMO - US,From RDC,N/A - From RDC,Air,30-May-12,30-May-12,ARV,Adult,SCMS from RDC,SKU0162,"Abacavir/Lamivudine 600/300mg, scored tablets, 30 Tabs",Generic,30,1620,36450,22.5,0.75,Mylan (formerly Matrix) Nashik,See DN-2652 (ID#:82477),See DN-2652 (ID#:82477),51.1
85263,Haiti,PMO - US,From RDC,N/A - From RDC,Air,29-Jun-12,6-Jun-12,ARV,Adult,SCMS from RDC,SKU0107,"Lamivudine/Tenofovir Disoproxil Fumarate 300/300mg, tablets, 30 Tabs",Generic,30,50928,282141.12,5.54,0.18,"Cipla, Kurkumbh, India",5456,53775.56,395.56
85264,Zambia,PMO - US,From RDC,N/A - From RDC,Truck,15-Jun-12,18-Jun-12,ARV,Adult,SCMS from RDC,SKU0058,"Abacavir 300mg, tablets, 60 Tabs",Generic,60,7452,97993.8,13.15,0.22,"Aurobindo Unit III, India",737,4496.13,137.39
85265,Zimbabwe,PMO - US,From RDC,N/A - From RDC,Truck,14-Aug-12,27-Jun-12,ARV,Adult,SCMS from RDC,SKU0104,"Lamivudine/Stavudine 150/30mg, tablets, 60 Tabs",Generic,60,7150,21092.5,2.95,0.05,"Strides, Bangalore, India.",See DN-2693 (ID#:82481),See DN-2693 (ID#:82481),34.8
85266,Zimbabwe,PMO - US,From RDC,N/A - From RDC,Truck,14-Aug-12,27-Jun-12,ARV,Adult,SCMS from RDC,SKU0054,"Lamivudine/Nevirapine/Zidovudine 150/200/300mg, tablets, 60 Tabs",Generic,60,11574,119096.46,10.29,0.17,Mylan (formerly Matrix) Nashik,See DN-2693 (ID#:82481),See DN-2693 (ID#:82481),196.51
85267,"Congo, DRC",PMO - US,From RDC,N/A - From RDC,Air,11-Sep-12,11-Sep-12,ARV,Adult,SCMS from RDC,SKU0007,"Nevirapine 200mg, tablets, 60 Tabs",Generic,60,1200,2928,2.44,0.04,"Strides, Bangalore, India.",See DN-2697 (ID#:83045),See DN-2697 (ID#:83045),4.11
85268,"Congo, DRC",PMO - US,From RDC,N/A - From RDC,Air,11-Sep-12,11-Sep-12,ARV,Adult,SCMS from RDC,SKU0011,"Lamivudine/Zidovudine 150/300mg, tablets, 60 Tabs",Generic,60,1440,11203.2,7.78,0.13,Hetero Unit III Hyderabad IN,See DN-2697 (ID#:83045),See DN-2697 (ID#:83045),15.71
85269,Côte d'Ivoire,PMO - US,From RDC,N/A - From RDC,Air Charter,20-Jun-12,15-Jun-12,ARV,Adult,SCMS from RDC,SKU0125,"Abacavir/Lamivudine/Zidovudine 300/150/300mg, tablets, 60 Tabs",Generic,60,3136,94080,30,0.5,Mylan (formerly Matrix) Nashik,478,2330.22,131.9
85270,Guyana,PMO - US,From RDC,N/A - From RDC,Air,10-Jul-12,13-Jun-12,ARV,Pediatric,SCMS from RDC,SKU0130,"Lamivudine 10mg/ml, oral solution w/syringe, Bottle, 240 ml",Generic,240,230,425.5,1.85,0.01,"Aurobindo Unit III, India",83,1075.62,0.6
85271,Zambia,PMO - US,From RDC,N/A - From RDC,Truck,29-Jun-12,18-Jun-12,ARV,Adult,SCMS from RDC,SKU0007,"Nevirapine 200mg, tablets, 60 Tabs",Generic,60,181926,443899.44,2.44,0.04,Hetero Unit III Hyderabad IN,11438,4496.15,622.35
85272,Nigeria,PMO - US,From RDC,N/A - From RDC,Air Charter,20-Jun-12,3-Jun-12,ARV,Adult,SCMS from RDC,SKU0003,"Lamivudine 150mg, tablets, 60 Tabs",Generic,60,20000,46600,2.33,0.04,"Aurobindo Unit III, India",2238,17090,65.33
85273,Nigeria,PMO - US,From RDC,N/A - From RDC,Air Charter,2-Aug-12,3-Jun-12,ARV,Adult,SCMS from RDC,SKU0107,"Lamivudine/Tenofovir Disoproxil Fumarate 300/300mg, tablets, 30 Tabs",Generic,30,27911,154626.94,5.54,0.18,"Cipla, Kurkumbh, India",11969,17090,216.79
85274,Libya,PMO - US,From RDC,N/A - From RDC,Air,29-Jun-12,2-Jul-12,ARV,Adult,SCMS from RDC,SKU0029,"Tenofovir Disoproxil Fumarate 300mg, tablets, 30 Tabs",Generic,30,2816,15488,5.5,0.18,"Aurobindo Unit III, India",231,1474.9,21.71
85275,Côte d'Ivoire,PMO - US,From RDC,N/A - From RDC,Air,16-Jul-12,3-Jul-12,ARV,Adult,SCMS from RDC,SKU0125,"Abacavir/Lamivudine/Zidovudine 300/150/300mg, tablets, 60 Tabs",Generic,60,1840,55200,30,0.5,Mylan (formerly Matrix) Nashik,See DN-2716 (ID#:83597),See DN-2716 (ID#:83597),77.39
85276,Uganda,PMO - US,From RDC,N/A - From RDC,Air,5-Jul-12,16-Jul-12,ARV,Adult,SCMS from RDC,SKU0007,"Nevirapine 200mg, tablets, 60 Tabs",Generic,60,36000,87840,2.44,0.04,"Aurobindo Unit III, India",See DN-2724 (ID#:82486),See DN-2724 (ID#:82486),123.15
85277,Nigeria,PMO - US,From RDC,N/A - From RDC,Air Charter,9-Jul-12,9-Jul-12,ARV,Adult,SCMS from RDC,SKU0003,"Lamivudine 150mg, tablets, 60 Tabs",Generic,60,732,1705.56,2.33,0.04,"Strides, Bangalore, India.",57,21347.13,2.39
85278,Zimbabwe,PMO - US,From RDC,N/A - From RDC,Truck,14-Aug-12,23-Jul-12,ARV,Adult,SCMS from RDC,SKU0026,"Efavirenz 600mg, tablets, 30 Tabs",Generic,30,17422,66377.82,3.81,0.13,"Aurobindo Unit III, India",See DN-2742 (ID#:84181),See DN-2742 (ID#:84181),109.52
85279,Uganda,PMO - US,From RDC,N/A - From RDC,Truck,5-Sep-12,26-Jul-12,ARV,Adult,SCMS from RDC,SKU0003,"Lamivudine 150mg, tablets, 60 Tabs",Generic,60,834,1851.48,2.22,0.04,Macleods Daman Plant INDIA,See DN-2744 (ID#:82490),See DN-2744 (ID#:82490),2.6
85281,Zambia,PMO - US,From RDC,N/A - From RDC,Truck,31-Jul-12,1-Aug-12,ARV,Adult,SCMS from RDC,SKU0058,"Abacavir 300mg, tablets, 60 Tabs",Generic,60,27452,355777.92,12.96,0.22,Mylan (formerly Matrix) Nashik,See DN-2763 (ID#:82493),See DN-2763 (ID#:82493),498.8
85282,Côte d'Ivoire,PMO - US,From RDC,N/A - From RDC,Truck,31-Jul-12,31-Jul-12,ARV,Pediatric,SCMS from RDC,SKU0145,"Abacavir 20mg/ml, oral solution w/syringe, Bottle, 240 ml",Generic,240,608,7600,12.5,0.05,"Aurobindo Unit III, India",223,2641.45,10.66
85283,Tanzania,PMO - US,From RDC,N/A - From RDC,Truck,4-Sep-12,22-Aug-12,ARV,Pediatric,SCMS from RDC,SKU0131,"Lamivudine/Zidovudine 30/60mg, tablets, 60 Tabs",Generic,60,38347,105837.72,2.76,0.05,Mylan (formerly Matrix) Nashik,1502,6900.62,148.38
85284,Nigeria,PMO - US,From RDC,N/A - From RDC,Air Charter,2-Aug-12,24-Jul-12,ARV,Adult,SCMS from RDC,SKU0011,"Lamivudine/Zidovudine 150/300mg, tablets, 60 Tabs",Generic,60,25712,198496.64,7.72,0.13,"Aurobindo Unit III, India",See DN-2764 (ID#:82494),See DN-2764 (ID#:82494),278.29
85287,Côte d'Ivoire,PMO - US,From RDC,N/A - From RDC,Truck,15-Aug-12,15-Aug-12,ARV,Pediatric,SCMS from RDC,SKU0148,"Didanosine 200mg, delayed-release capsules, 30 Caps",Generic,30,2528,27808,11,0.37,"Aurobindo Unit III, India",740,4754.52,38.99
85288,Rwanda,PMO - US,From RDC,N/A - From RDC,Air,31-Oct-12,6-Aug-12,ARV,Adult,SCMS from RDC,SKU0135,"Lopinavir/Ritonavir 200/50mg, tablets, 120 Tabs",Generic,120,7541,223816.88,29.68,0.25,Mylan (formerly Matrix) Nashik,2003,32401.62,313.79
85289,Nigeria,PMO - US,From RDC,N/A - From RDC,Air Charter,2-Aug-12,24-Jul-12,ARV,Adult,SCMS from RDC,SKU0007,"Nevirapine 200mg, tablets, 60 Tabs",Generic,60,12156,30511.56,2.51,0.04,Hetero Unit III Hyderabad IN,See DN-2773 (ID#:83608),See DN-2773 (ID#:83608),42.78
85291,Zimbabwe,PMO - US,From RDC,N/A - From RDC,Truck,11-Dec-12,4-Sep-12,ARV,Adult,SCMS from RDC,SKU0007,"Nevirapine 200mg, tablets, 60 Tabs",Generic,60,10963,26530.46,2.42,0.04,"Aurobindo Unit III, India",See DN-2803 (ID#:83613),See DN-2803 (ID#:83613),43.78
85292,Zimbabwe,PMO - US,From RDC,N/A - From RDC,Truck,11-Dec-12,4-Sep-12,ARV,Adult,SCMS from RDC,SKU0026,"Efavirenz 600mg, tablets, 30 Tabs",Generic,30,17422,66377.82,3.81,0.13,"Emcure Plot No.P-2, I.T-B.T. Park, Phase II, MIDC, Hinjwadi, Pune, India",See DN-2804 (ID#:82499),See DN-2804 (ID#:82499),109.52
85293,Guyana,PMO - US,From RDC,N/A - From RDC,Air,30-Sep-12,29-Aug-12,ARV,Adult,SCMS from RDC,SKU0041,"Stavudine 15mg, capsules, 60 Caps",Generic,60,25,33,1.32,0.02,"Aurobindo Unit III, India",5,931.34,0.05
85294,Guyana,PMO - US,From RDC,N/A - From RDC,Air,2-Oct-12,29-Aug-12,ARV,Pediatric,SCMS from RDC,SKU0117,"Zidovudine 10mg/ml, oral solution w/syringe, Bottle, 240 ml",Generic,240,366,768.6,2.1,0.01,"Aurobindo Unit III, India",See DN-2811 (ID#:83067),See DN-2811 (ID#:83067),1.08
85295,Guyana,PMO - US,From RDC,N/A - From RDC,Air,2-Oct-12,29-Aug-12,ARV,Adult,SCMS from RDC,SKU0014,"Zidovudine 300mg, tablets, 60 Tabs",Generic,60,1652,11167.52,6.76,0.11,"Aurobindo Unit III, India",See DN-2811 (ID#:83067),See DN-2811 (ID#:83067),15.66
85296,Guyana,PMO - US,From RDC,N/A - From RDC,Air,2-Oct-12,29-Aug-12,ARV,Pediatric,SCMS from RDC,SKU0126,"Nevirapine 10mg/ml, oral suspension w/syringe, Bottle, 240 ml",Generic,240,288,561.6,1.95,0.01,"Aurobindo Unit III, India",See DN-2811 (ID#:83067),See DN-2811 (ID#:83067),0.79
85297,"Congo, DRC",PMO - US,From RDC,N/A - From RDC,Air,14-Feb-13,14-Feb-13,ARV,Adult,SCMS from RDC,SKU0058,"Abacavir 300mg, tablets, 60 Tabs",Generic,60,298,3862.08,12.96,0.22,Mylan (formerly Matrix) Nashik,See DN-2812 (ID#:83068),See DN-2812 (ID#:83068),5.41
85298,"Congo, DRC",PMO - US,From RDC,N/A - From RDC,Air,14-Feb-13,14-Feb-13,ARV,Adult,SCMS from RDC,SKU0026,"Efavirenz 600mg, tablets, 30 Tabs",Generic,30,525,2000.25,3.81,0.13,Hetero Unit III Hyderabad IN,See DN-2812 (ID#:83068),See DN-2812 (ID#:83068),2.8
85299,Zimbabwe,PMO - US,From RDC,N/A - From RDC,Truck,30-Sep-12,11-Sep-12,ARV,Pediatric,SCMS from RDC,SKU0145,"Abacavir 20mg/ml, oral solution w/syringe, Bottle, 240 ml",Generic,240,80,1000,12.5,0.05,"Aurobindo Unit III, India",29,588.72,1.4
85300,Zambia,PMO - US,From RDC,N/A - From RDC,Truck,25-Sep-12,7-Sep-12,ARV,Adult,SCMS from RDC,SKU0026,"Efavirenz 600mg, tablets, 30 Tabs",Generic,30,17124,66954.84,3.91,0.13,"Emcure Plot No.P-2, I.T-B.T. Park, Phase II, MIDC, Hinjwadi, Pune, India",See DN-2833 (ID#:82506),See DN-2833 (ID#:82506),93.87
85301,Côte d'Ivoire,PMO - US,From RDC,N/A - From RDC,Truck,13-Nov-12,5-Sep-12,ARV,Pediatric,SCMS from RDC,SKU0066,"Efavirenz 200mg, capsule, 90 Caps",Generic,90,3400,28084,8.26,0.09,"Aurobindo Unit III, India",See DN-2837 (ID#:82507),See DN-2837 (ID#:82507),39.37
85302,Uganda,PMO - US,From RDC,N/A - From RDC,Truck,12-Oct-12,25-Sep-12,ARV,Adult,SCMS from RDC,SKU0007,"Nevirapine 200mg, tablets, 60 Tabs",Generic,60,22783,55134.86,2.42,0.04,Hetero Unit III Hyderabad IN,1285,6265.36,77.3
85303,Uganda,PMO - US,From RDC,N/A - From RDC,Truck,15-Oct-12,12-Oct-12,ARV,Adult,SCMS from RDC,SKU0007,"Nevirapine 200mg, tablets, 60 Tabs",Generic,60,26432,63965.44,2.42,0.04,Hetero Unit III Hyderabad IN,1499,10915.97,89.68
85304,Rwanda,PMO - US,From RDC,N/A - From RDC,Air,28-Sep-12,10-Oct-12,ARV,Adult,SCMS from RDC,SKU0026,"Efavirenz 600mg, tablets, 30 Tabs",Generic,30,50400,197064,3.91,0.13,"Strides, Bangalore, India.",3090,16603.9,276.28
85305,South Sudan,PMO - US,From RDC,N/A - From RDC,Air,18-Oct-12,3-Oct-12,ARV,Adult,SCMS from RDC,SKU0007,"Nevirapine 200mg, tablets, 60 Tabs",Generic,60,300,726,2.42,0.04,Hetero Unit III Hyderabad IN,See DN-2857 (ID#:83623),See DN-2857 (ID#:83623),1.02
85306,Rwanda,PMO - US,From RDC,N/A - From RDC,Air,19-Oct-12,18-Oct-12,ARV,Adult,SCMS from RDC,SKU0107,"Lamivudine/Tenofovir Disoproxil Fumarate 300/300mg, tablets, 30 Tabs",Generic,30,11492,63665.68,5.54,0.18,"Cipla, Kurkumbh, India",See DN-2859 (ID#:82512),See DN-2859 (ID#:82512),89.26
85307,Mozambique,PMO - US,From RDC,N/A - From RDC,Truck,30-Oct-12,10-Oct-12,ARV,Adult,SCMS from RDC,SKU0054,"Lamivudine/Nevirapine/Zidovudine 150/200/300mg, tablets, 60 Tabs",Generic,60,17520,171871.2,9.81,0.16,Mylan (formerly Matrix) Nashik,9370,3855.94,240.96
85308,Mozambique,PMO - US,From RDC,N/A - From RDC,Truck,31-Oct-12,10-Oct-12,ARV,Adult,SCMS from RDC,SKU0003,"Lamivudine 150mg, tablets, 60 Tabs",Generic,60,8586,19060.92,2.22,0.04,Hetero Unit III Hyderabad IN,See DN-2862 (ID#:83083),See DN-2862 (ID#:83083),26.72
85309,Zimbabwe,PMO - US,From RDC,N/A - From RDC,Truck,5-Oct-12,5-Oct-12,ARV,Adult,SCMS from RDC,SKU0007,"Nevirapine 200mg, tablets, 60 Tabs",Generic,60,69737,168763.54,2.42,0.04,Hetero Unit III Hyderabad IN,4028,8751.99,236.61
85310,Côte d'Ivoire,PMO - US,From RDC,N/A - From RDC,Truck,30-Oct-12,24-Oct-12,ARV,Adult,SCMS from RDC,SKU0026,"Efavirenz 600mg, tablets, 30 Tabs",Generic,30,56228,204669.92,3.64,0.12,"Aurobindo Unit III, India",6242,17129.96,286.95
85311,Côte d'Ivoire,PMO - US,From RDC,N/A - From RDC,Truck,30-Oct-12,24-Oct-12,ARV,Adult,SCMS from RDC,SKU0026,"Efavirenz 600mg, tablets, 30 Tabs",Generic,30,23705,86286.2,3.64,0.12,"Strides, Bangalore, India.",See DN-2880 (ID#:85310),See DN-2880 (ID#:85310),120.97
85312,Zambia,PMO - US,From RDC,N/A - From RDC,Truck,31-Oct-12,19-Oct-12,ARV,Adult,SCMS from RDC,SKU0007,"Nevirapine 200mg, tablets, 60 Tabs",Generic,60,50000,122000,2.44,0.04,Mylan (formerly Matrix) Nashik,7567,16697.66,171.04
85313,Nigeria,PMO - US,From RDC,N/A - From RDC,Air,6-Nov-12,6-Nov-12,ARV,Adult,SCMS from RDC,SKU0011,"Lamivudine/Zidovudine 150/300mg, tablets, 60 Tabs",Generic,60,11597,89528.84,7.72,0.13,Mylan (formerly Matrix) Nashik,See DN-2900 (ID#:84199),See DN-2900 (ID#:84199),125.52
85314,Nigeria,PMO - US,From RDC,N/A - From RDC,Air,7-Nov-12,7-Nov-12,ARV,Adult,SCMS from RDC,SKU0135,"Lopinavir/Ritonavir 200/50mg, tablets, 120 Tabs",Generic,120,51861,1384688.7,26.7,0.22,"Aurobindo Unit III, India",14647,15459.09,1941.33
85315,Côte d'Ivoire,PMO - US,From RDC,N/A - From RDC,Truck,30-Nov-12,5-Nov-12,ARV,Pediatric,SCMS from RDC,SKU0131,"Lamivudine/Zidovudine 30/60mg, tablets, 60 Tabs",Generic,60,15120,41731.2,2.76,0.05,Mylan (formerly Matrix) Nashik,959,4424.91,58.51
85316,Zambia,PMO - US,From RDC,N/A - From RDC,Truck,17-Dec-12,17-Dec-12,ARV,Adult,SCMS from RDC,SKU0003,"Lamivudine 150mg, tablets, 60 Tabs",Generic,60,876,1892.16,2.16,0.04,Hetero Unit III Hyderabad IN,44,3951.02,2.65
85317,Nigeria,PMO - US,From RDC,N/A - From RDC,Air,4-Dec-12,4-Dec-12,ARV,Pediatric,SCMS from RDC,SKU0142,"Efavirenz 200mg, scored tablets, 90 Tabs",Generic,90,6654,48574.2,7.3,0.08,"Strides, Bangalore, India.",465,51090,68.1
85318,Zimbabwe,PMO - US,From RDC,N/A - From RDC,Truck,13-Dec-12,13-Dec-12,ARV,Adult,SCMS from RDC,SKU0011,"Lamivudine/Zidovudine 150/300mg, tablets, 60 Tabs",Generic,60,16971,131016.12,7.72,0.13,Hetero Unit III Hyderabad IN,1464,8000.72,183.68
85319,Uganda,PMO - US,From RDC,N/A - From RDC,Air,2-Feb-13,2-Feb-13,ARV,Adult,SCMS from RDC,SKU0003,"Lamivudine 150mg, tablets, 60 Tabs",Generic,60,2131,4602.96,2.16,0.04,Hetero Unit III Hyderabad IN,117,2005.48,6.45
85320,Tanzania,PMO - US,From RDC,N/A - From RDC,Truck,4-Mar-13,4-Mar-13,ARV,Adult,SCMS from RDC,SKU0135,"Lopinavir/Ritonavir 200/50mg, tablets, 120 Tabs",Generic,120,574,15325.8,26.7,0.22,"Aurobindo Unit III, India",4758,6031.15,21.49
85321,Mozambique,PMO - US,From RDC,N/A - From RDC,Truck,11-Jan-13,11-Jan-13,ARV,Adult,SCMS from RDC,SKU0054,"Lamivudine/Nevirapine/Zidovudine 150/200/300mg, tablets, 60 Tabs",Generic,60,84875,816497.5,9.62,0.16,"Cipla, Goa, India",18031,7433.02,1144.73
85323,"Congo, DRC",PMO - US,From RDC,N/A - From RDC,Air,11-Sep-13,11-Sep-13,ARV,Adult,SCMS from RDC,SKU0058,"Abacavir 300mg, tablets, 60 Tabs",Generic,60,155,2008.8,12.96,0.22,Mylan (formerly Matrix) Nashik,See DN-2981 (ID#:82538),See DN-2981 (ID#:82538),2.48
85324,"Congo, DRC",PMO - US,From RDC,N/A - From RDC,Air,11-Sep-13,11-Sep-13,ARV,Pediatric,SCMS from RDC,SKU0126,"Nevirapine 10mg/ml, oral suspension w/syringe, Bottle, 240 ml",Generic,240,7003,13655.85,1.95,0.01,"Aurobindo Unit III, India",See DN-2981 (ID#:82538),See DN-2981 (ID#:82538),16.89
85325,"Congo, DRC",PMO - US,From RDC,N/A - From RDC,Air,11-Sep-13,11-Sep-13,ARV,Adult,SCMS from RDC,SKU0007,"Nevirapine 200mg, tablets, 60 Tabs",Generic,60,170,392.7,2.31,0.04,"Aurobindo Unit III, India",See DN-2981 (ID#:82538),See DN-2981 (ID#:82538),0.49
85326,Zimbabwe,PMO - US,From RDC,N/A - From RDC,Truck,11-Feb-13,11-Feb-13,ARV,Adult,SCMS from RDC,SKU0007,"Nevirapine 200mg, tablets, 60 Tabs",Generic,60,131487,318198.54,2.42,0.04,Hetero Unit III Hyderabad IN,See DN-2989 (ID#:84216),See DN-2989 (ID#:84216),446.11
85328,Nigeria,PMO - US,From RDC,N/A - From RDC,Air Charter,11-Feb-13,11-Feb-13,ARV,Adult,SCMS from RDC,SKU0011,"Lamivudine/Zidovudine 150/300mg, tablets, 60 Tabs",Generic,60,22790,165683.3,7.27,0.12,Hetero Unit III Hyderabad IN,22259,29780.5,232.29
85330,Mozambique,PMO - US,From RDC,N/A - From RDC,Truck,1-Apr-13,22-Mar-13,ARV,Adult,SCMS from RDC,SKU0003,"Lamivudine 150mg, tablets, 60 Tabs",Generic,60,1458,2901.42,1.99,0.03,Hetero Unit III Hyderabad IN,See DN-3012 (ID#:83107),See DN-3012 (ID#:83107),3.59
85331,"Congo, DRC",PMO - US,From RDC,N/A - From RDC,Air,18-Mar-13,8-Aug-13,ARV,Adult,SCMS from RDC,SKU0011,"Lamivudine/Zidovudine 150/300mg, tablets, 60 Tabs",Generic,60,1296,9421.92,7.27,0.12,Mylan (formerly Matrix) Nashik,See DN-3017 (ID#:83108),See DN-3017 (ID#:83108),11.65
85332,Uganda,PMO - US,From RDC,N/A - From RDC,Air,29-Mar-13,1-Mar-13,ARV,Adult,SCMS from RDC,SKU0113,"Efavirenz/Lamivudine/Tenofovir Disoproxil Fumarate 600/300/300mg, tablets, 30 Tabs",Generic,30,14704,178065.44,12.11,0.4,Mylan (formerly Matrix) Nashik,See DN-3034 (ID#:84791),See DN-3034 (ID#:84791),220.27
85333,Zimbabwe,PMO - US,From RDC,N/A - From RDC,Truck,29-Mar-13,23-Mar-13,ARV,Adult,SCMS from RDC,SKU0162,"Abacavir/Lamivudine 600/300mg, scored tablets, 30 Tabs",Generic,30,810,11307.6,13.96,0.47,Mylan (formerly Matrix) Nashik,52,1600,15.85
85334,Haiti,PMO - US,From RDC,N/A - From RDC,Air,30-Apr-13,15-Mar-13,ARV,Pediatric,SCMS from RDC,SKU0131,"Lamivudine/Zidovudine 30/60mg, tablets, 60 Tabs",Generic,60,3024,6834.24,2.26,0.04,"Aurobindo Unit III, India",See DN-3043 (ID#:84792),See DN-3043 (ID#:84792),8.45
85335,Haiti,PMO - US,From RDC,N/A - From RDC,Air,9-Apr-13,14-Mar-13,ARV,Pediatric,SCMS from RDC,SKU0142,"Efavirenz 200mg, scored tablets, 90 Tabs",Generic,90,2000,14600,7.3,0.08,"Strides, Bangalore, India.",See DN-3015 (ID#:82554),See DN-3015 (ID#:82554),18.06
85336,Haiti,PMO - US,From RDC,N/A - From RDC,Air,9-Apr-13,14-Mar-13,ARV,Pediatric,SCMS from RDC,SKU0174,"Stavudine 1mg/ml, powder for oral solution w/syringe, 200 ml",Generic,200,330,412.5,1.25,0.01,"Aurobindo Unit III, India",See DN-3015 (ID#:82554),See DN-3015 (ID#:82554),0.51
85337,Haiti,PMO - US,From RDC,N/A - From RDC,Air,9-Apr-13,14-Mar-13,ARV,Adult,SCMS from RDC,SKU0011,"Lamivudine/Zidovudine 150/300mg, tablets, 60 Tabs",Generic,60,53220,386909.4,7.27,0.12,Mylan (formerly Matrix) Nashik,See DN-3015 (ID#:82554),See DN-3015 (ID#:82554),478.61
85338,Uganda,PMO - US,From RDC,N/A - From RDC,Air,9-Mar-13,7-Mar-13,ARV,Adult,SCMS from RDC,SKU0007,"Nevirapine 200mg, tablets, 60 Tabs",Generic,60,7875,17797.5,2.26,0.04,"Aurobindo Unit III, India",See DN-3042 (ID#:83663),See DN-3042 (ID#:83663),22.02
85340,Zimbabwe,PMO - US,From RDC,N/A - From RDC,Truck,15-Apr-13,23-Mar-13,ARV,Adult,SCMS from RDC,SKU0007,"Nevirapine 200mg, tablets, 60 Tabs",Generic,60,30000,67800,2.26,0.04,"Strides, Bangalore, India.",See DN-3048 (ID#:84235),See DN-3048 (ID#:84235),95.06
85341,Guyana,PMO - US,From RDC,N/A - From RDC,Truck,18-Apr-13,15-Mar-13,ARV,Adult,SCMS from RDC,SKU0003,"Lamivudine 150mg, tablets, 60 Tabs",Generic,60,529,1052.71,1.99,0.03,Hetero Unit III Hyderabad IN,See DN-3059 (ID#:82560),See DN-3059 (ID#:82560),1.3
85342,Guyana,PMO - US,From RDC,N/A - From RDC,Air,18-Apr-13,15-Mar-13,ARV,Adult,SCMS from RDC,SKU0011,"Lamivudine/Zidovudine 150/300mg, tablets, 60 Tabs",Generic,60,487,3540.49,7.27,0.12,"Aurobindo Unit III, India",See DN-3060 (ID#:83121),See DN-3060 (ID#:83121),4.38
85343,Uganda,PMO - US,From RDC,N/A - From RDC,Truck,28-Jun-13,20-Mar-13,ARV,Pediatric,SCMS from RDC,SKU0131,"Lamivudine/Zidovudine 30/60mg, tablets, 60 Tabs",Generic,60,2125,4802.5,2.26,0.04,Mylan (formerly Matrix) Nashik,See DN-3065 (ID#:83123),See DN-3065 (ID#:83123),5.94
85345,Guyana,PMO - US,From RDC,N/A - From RDC,Air,25-Mar-13,28-Mar-13,ARV,Adult,SCMS from RDC,SKU0007,"Nevirapine 200mg, tablets, 60 Tabs",Generic,60,3485,7876.1,2.26,0.04,Hetero Unit III Hyderabad IN,214,3066.05,9.74
85346,Zimbabwe,PMO - US,From RDC,N/A - From RDC,Truck,30-Mar-13,8-Apr-13,ARV,Adult,SCMS from RDC,SKU0054,"Lamivudine/Nevirapine/Zidovudine 150/200/300mg, tablets, 60 Tabs",Generic,60,73271,628665.18,8.58,0.14,Hetero Unit III Hyderabad IN,See DN-3092 (ID#:83128),See DN-3092 (ID#:83128),881.39
85347,Côte d'Ivoire,PMO - US,From RDC,N/A - From RDC,Truck,28-Mar-13,30-Mar-13,ARV,Adult,SCMS from RDC,SKU0054,"Lamivudine/Nevirapine/Zidovudine 150/200/300mg, tablets, 60 Tabs",Generic,60,50000,429000,8.58,0.14,"Strides, Bangalore, India.",See DN-3075 (ID#:83129),See DN-3075 (ID#:83129),601.46
85348,Guyana,PMO - US,From RDC,N/A - From RDC,Air,18-Apr-13,19-Apr-13,ARV,Pediatric,SCMS from RDC,SKU0117,"Zidovudine 10mg/ml, oral solution w/syringe, Bottle, 240 ml",Generic,240,397,833.7,2.1,0.01,"Aurobindo Unit III, India",See DN-3099 (ID#:82566),See DN-3099 (ID#:82566),1.03
85349,Tanzania,PMO - US,From RDC,N/A - From RDC,Truck,31-May-13,22-Apr-13,ARV,Adult,SCMS from RDC,SKU0105,"Emtricitabine/Tenofovir Disoproxil Fumarate 200/300mg, tablets, 30 Tabs",Generic,30,31512,191277.84,6.07,0.2,Mylan (formerly Matrix) Nashik,2635,3300.95,236.61
85350,Uganda,PMO - US,From RDC,N/A - From RDC,Truck,16-Apr-13,25-Apr-13,ARV,Pediatric,SCMS from RDC,SKU0126,"Nevirapine 10mg/ml, oral suspension w/syringe, Bottle, 240 ml",Generic,240,36229,70646.55,1.95,0.01,"Aurobindo Unit III, India",13310,12203.29,87.39
85351,Tanzania,PMO - US,From RDC,N/A - From RDC,Truck,31-May-13,9-May-13,ARV,Adult,SCMS from RDC,SKU0029,"Tenofovir Disoproxil Fumarate 300mg, tablets, 30 Tabs",Generic,30,1980,7999.2,4.04,0.13,Mylan (formerly Matrix) Nashik,126,1382,11.21
85352,Dominican Republic,PMO - US,From RDC,N/A - From RDC,Air,24-Apr-13,21-May-13,ARV,Adult,SCMS from RDC,SKU0107,"Lamivudine/Tenofovir Disoproxil Fumarate 300/300mg, tablets, 30 Tabs",Generic,30,8250,38775,4.7,0.16,Hetero Unit III Hyderabad IN,See DN-3117 (ID#:83132),See DN-3117 (ID#:83132),47.96
85353,Burundi,PMO - US,From RDC,N/A - From RDC,Air,31-May-13,23-May-13,ARV,Adult,SCMS from RDC,SKU0007,"Nevirapine 200mg, tablets, 60 Tabs",Generic,60,450,1017,2.26,0.04,Hetero Unit III Hyderabad IN,See DN-3118 (ID#:82569),See DN-3118 (ID#:82569),1.26
85354,Uganda,PMO - US,From RDC,N/A - From RDC,Truck,7-Jun-13,7-Jun-13,ARV,Adult,SCMS from RDC,SKU0026,"Efavirenz 600mg, tablets, 30 Tabs",Generic,30,24912,82956.96,3.33,0.11,"Strides, Bangalore, India.",See DN-3122 (ID#:82570),See DN-3122 (ID#:82570),102.62
85355,Uganda,PMO - US,From RDC,N/A - From RDC,Truck,7-Jun-13,7-Jun-13,ARV,Adult,SCMS from RDC,SKU0054,"Lamivudine/Nevirapine/Zidovudine 150/200/300mg, tablets, 60 Tabs",Generic,60,68736,589754.88,8.58,0.14,Hetero Unit III Hyderabad IN,See DN-3122 (ID#:82570),See DN-3122 (ID#:82570),729.53
85356,South Sudan,PMO - US,From RDC,N/A - From RDC,Air,30-Apr-13,24-Apr-13,ARV,Adult,SCMS from RDC,SKU0113,"Efavirenz/Lamivudine/Tenofovir Disoproxil Fumarate 600/300/300mg, tablets, 30 Tabs",Generic,30,1278,13444.56,10.52,0.35,Hetero Unit III Hyderabad IN,See DN-3125 (ID#:82571),See DN-3125 (ID#:82571),16.63
85357,Uganda,PMO - US,From RDC,N/A - From RDC,Truck,4-Jun-13,4-Jun-13,ARV,Adult,SCMS from RDC,SKU0107,"Lamivudine/Tenofovir Disoproxil Fumarate 300/300mg, tablets, 30 Tabs",Generic,30,26940,126618,4.7,0.16,"Aurobindo Unit VII, IN",2517,11803.13,156.63
85358,Mozambique,PMO - US,From RDC,N/A - From RDC,Truck,21-Jul-13,26-Jul-13,ARV,Pediatric,SCMS from RDC,SKU0117,"Zidovudine 10mg/ml, oral solution w/syringe, Bottle, 240 ml",Generic,240,13150,27615,2.1,0.01,"Aurobindo Unit III, India",See DN-3133 (ID#:84254),See DN-3133 (ID#:84254),34.16
85359,Uganda,PMO - US,From RDC,N/A - From RDC,Truck,28-Jun-13,15-May-13,ARV,Pediatric,SCMS from RDC,SKU0140,"Lamivudine/Nevirapine/Zidovudine 30/50/60mg, dispersible tablets, 60 Tabs",Generic,60,5861,24323.15,4.15,0.07,Mylan (formerly Matrix) Nashik,345,3426.68,30.09
85360,Nigeria,PMO - US,From RDC,N/A - From RDC,Air Charter,6-May-13,3-May-13,ARV,Adult,SCMS from RDC,SKU0132,"Efavirenz/Emtricitabine/Tenofovir Disoproxil Fumarate 600/200/300mg, tablets, 30 Tabs",Generic,30,59615,772610.4,12.96,0.43,"Cipla, Goa, India",7722,14547.55,1083.2
85361,Nigeria,PMO - US,From RDC,N/A - From RDC,Air Charter,21-May-13,2-May-13,ARV,Pediatric,SCMS from RDC,SKU0131,"Lamivudine/Zidovudine 30/60mg, tablets, 60 Tabs",Generic,60,9627,21757.02,2.26,0.04,"Aurobindo Unit III, India",486,14547.55,26.91
85362,Rwanda,PMO - US,From RDC,N/A - From RDC,Air,28-Jun-13,24-May-13,ARV,Pediatric,SCMS from RDC,SKU0117,"Zidovudine 10mg/ml, oral solution w/syringe, Bottle, 240 ml",Generic,240,3000,6300,2.1,0.01,"Aurobindo Unit III, India",1151,7086.88,7.79
85363,Nigeria,PMO - US,From RDC,N/A - From RDC,Air Charter,21-May-13,10-May-13,ARV,Adult,SCMS from RDC,SKU0054,"Lamivudine/Nevirapine/Zidovudine 150/200/300mg, tablets, 60 Tabs",Generic,60,31132,267112.56,8.58,0.14,Hetero Unit III Hyderabad IN,5041,20666.08,330.42
85365,Mozambique,PMO - US,From RDC,N/A - From RDC,Truck,30-Sep-13,8-Aug-13,ARV,Adult,SCMS from RDC,SKU0058,"Abacavir 300mg, tablets, 60 Tabs",Generic,60,10000,129600,12.96,0.22,Mylan (formerly Matrix) Nashik,1033,7951.22,160.32
85367,Zambia,PMO - US,From RDC,N/A - From RDC,Truck,28-Jun-13,7-Jun-13,ARV,Adult,SCMS from RDC,SKU0011,"Lamivudine/Zidovudine 150/300mg, tablets, 60 Tabs",Generic,60,92492,647444,7,0.12,Hetero Unit III Hyderabad IN,See DN-3186 (ID#:83688),See DN-3186 (ID#:83688),907.72
85368,Mozambique,PMO - US,From RDC,N/A - From RDC,Truck,26-Jul-13,26-Jul-13,ARV,Adult,SCMS from RDC,SKU0054,"Lamivudine/Nevirapine/Zidovudine 150/200/300mg, tablets, 60 Tabs",Generic,60,50000,429000,8.58,0.14,Hetero Unit III Hyderabad IN,Weight Captured Separately,Freight Included in Commodity Cost,530.67
85369,Nigeria,PMO - US,From RDC,N/A - From RDC,Air Charter,4-Jun-13,29-May-13,ARV,Adult,SCMS from RDC,SKU0026,"Efavirenz 600mg, tablets, 30 Tabs",Generic,30,1428,4755.24,3.33,0.11,"Aurobindo Unit VII, IN",See DN-3199 (ID#:84270),See DN-3199 (ID#:84270),5.88
85370,Nigeria,PMO - US,From RDC,N/A - From RDC,Air Charter,4-Jun-13,29-May-13,ARV,Adult,SCMS from RDC,SKU0026,"Efavirenz 600mg, tablets, 30 Tabs",Generic,30,60000,199800,3.33,0.11,"Hetero, Jadcherla, unit 5, IN",See DN-3199 (ID#:84270),See DN-3199 (ID#:84270),247.15
85371,Zambia,PMO - US,From RDC,N/A - From RDC,Truck,23-Jul-13,6-Aug-13,ARV,Adult,SCMS from RDC,SKU0132,"Efavirenz/Emtricitabine/Tenofovir Disoproxil Fumarate 600/200/300mg, tablets, 30 Tabs",Generic,30,53787,697079.52,12.96,0.43,"Cipla, Goa, India",6342,42040.3,862.29
85373,Zambia,PMO - US,From RDC,N/A - From RDC,Truck,5-Nov-13,5-Nov-13,ARV,Adult,SCMS from RDC,SKU0011,"Lamivudine/Zidovudine 150/300mg, tablets, 60 Tabs",Generic,60,107832,754824,7,0.12,"Cipla, Goa, India",8744,12651.44,1058.26
85376,Zimbabwe,PMO - US,From RDC,N/A - From RDC,Truck,31-Jul-13,6-Aug-13,ARV,Adult,SCMS from RDC,SKU0007,"Nevirapine 200mg, tablets, 60 Tabs",Generic,60,10227,23113.02,2.26,0.04,Hetero Unit III Hyderabad IN,See DN-3231 (ID#:84831),See DN-3231 (ID#:84831),28.59
85377,Zimbabwe,PMO - US,From RDC,N/A - From RDC,Truck,31-Jul-13,6-Aug-13,ARV,Adult,SCMS from RDC,SKU0007,"Nevirapine 200mg, tablets, 60 Tabs",Generic,60,98203,221938.78,2.26,0.04,"Cipla, Goa, India",See DN-3231 (ID#:84831),See DN-3231 (ID#:84831),274.54
85378,Zimbabwe,PMO - US,From RDC,N/A - From RDC,Truck,30-Jul-13,6-Aug-13,ARV,Pediatric,SCMS from RDC,SKU0140,"Lamivudine/Nevirapine/Zidovudine 30/50/60mg, dispersible tablets, 60 Tabs",Generic,60,49000,203350,4.15,0.07,Mylan (formerly Matrix) Nashik,3573,11133.66,251.54
85381,Tanzania,PMO - US,From RDC,N/A - From RDC,Truck,11-Sep-13,11-Sep-13,ARV,Pediatric,SCMS from RDC,SKU0138,"Abacavir/Lamivudine 60/30mg, tablets, 60 Tabs",Generic,60,578,2312,4,0.07,Mylan (formerly Matrix) Nashik,24,1506.5,2.86
85382,Zambia,PMO - US,From RDC,N/A - From RDC,Truck,6-Sep-13,30-Jul-13,ARV,Adult,SCMS from RDC,SKU0058,"Abacavir 300mg, tablets, 60 Tabs",Generic,60,5410,70113.6,12.96,0.22,"Aurobindo Unit III, India",See DN-3258 (ID#:83706),See DN-3258 (ID#:83706),86.73
85383,South Sudan,PMO - US,From RDC,N/A - From RDC,Truck,26-Aug-13,26-Aug-13,ARV,Adult,SCMS from RDC,SKU0011,"Lamivudine/Zidovudine 150/300mg, tablets, 60 Tabs",Generic,60,240,1744.8,7.27,0.12,Hetero Unit III Hyderabad IN,See DN-3259 (ID#:84838),See DN-3259 (ID#:84838),2.16
85384,Tanzania,PMO - US,From RDC,N/A - From RDC,Air,16-Oct-13,5-Sep-13,ARV,Adult,SCMS from RDC,SKU0054,"Lamivudine/Nevirapine/Zidovudine 150/200/300mg, tablets, 60 Tabs",Generic,60,60000,495600,8.26,0.14,"Cipla, Goa, India",7857,40857.69,613.06
85385,Uganda,PMO - US,From RDC,N/A - From RDC,Air,29-Aug-13,13-Sep-13,ARV,Adult,SCMS from RDC,SKU0054,"Lamivudine/Nevirapine/Zidovudine 150/200/300mg, tablets, 60 Tabs",Generic,60,100000,858000,8.58,0.14,"Cipla, Goa, India",See DN-3267 (ID#:83708),See DN-3267 (ID#:83708),1061.35
85386,"Congo, DRC",PMO - US,From RDC,N/A - From RDC,Air,27-Aug-13,8-Feb-14,ARV,Adult,SCMS from RDC,SKU0058,"Abacavir 300mg, tablets, 60 Tabs",Generic,60,379,4911.84,12.96,0.22,Mylan (formerly Matrix) Nashik,See DN-3268 (ID#:82595),See DN-3268 (ID#:82595),6.08
85387,"Congo, DRC",PMO - US,From RDC,N/A - From RDC,Air,27-Aug-13,8-Feb-14,ARV,Adult,SCMS from RDC,SKU0003,"Lamivudine 150mg, tablets, 60 Tabs",Generic,60,373,742.27,1.99,0.03,Hetero Unit III Hyderabad IN,See DN-3268 (ID#:82595),See DN-3268 (ID#:82595),0.92
85388,Burundi,PMO - US,From RDC,N/A - From RDC,Air,9-Jul-13,23-Aug-13,ARV,Pediatric,SCMS from RDC,SKU0130,"Lamivudine 10mg/ml, oral solution w/syringe, Bottle, 240 ml",Generic,240,927,1714.95,1.85,0.01,"Aurobindo Unit III, India",891,4674.58,2.12
85389,Burundi,PMO - US,From RDC,N/A - From RDC,Air,9-Jul-13,23-Aug-13,ARV,Pediatric,SCMS from RDC,SKU0117,"Zidovudine 10mg/ml, oral solution w/syringe, Bottle, 240 ml",Generic,240,1480,3108,2.1,0.01,"Aurobindo Unit III, India",See DN-3234 (ID#:85388),See DN-3234 (ID#:85388),3.84
85390,"Congo, DRC",PMO - US,From RDC,N/A - From RDC,Air,28-Aug-13,8-Feb-14,ARV,Pediatric,SCMS from RDC,SKU0131,"Lamivudine/Zidovudine 30/60mg, tablets, 60 Tabs",Generic,60,1413,3193.38,2.26,0.04,"Aurobindo Unit III, India",See DN-3269 (ID#:83711),See DN-3269 (ID#:83711),3.95
85391,"Congo, DRC",PMO - US,From RDC,N/A - From RDC,Air,28-Aug-13,8-Feb-14,ARV,Pediatric,SCMS from RDC,SKU0140,"Lamivudine/Nevirapine/Zidovudine 30/50/60mg, dispersible tablets, 60 Tabs",Generic,60,5076,21065.4,4.15,0.07,Mylan (formerly Matrix) Nashik,See DN-3269 (ID#:83711),See DN-3269 (ID#:83711),26.06
85392,"Congo, DRC",PMO - US,From RDC,N/A - From RDC,Air,28-Aug-13,8-Feb-14,ARV,Pediatric,SCMS from RDC,SKU0138,"Abacavir/Lamivudine 60/30mg, tablets, 60 Tabs",Generic,60,40,160,4,0.07,Mylan (formerly Matrix) Nashik,See DN-3269 (ID#:83711),See DN-3269 (ID#:83711),0.2
85393,Uganda,PMO - US,From RDC,N/A - From RDC,Air,5-Sep-13,5-Sep-13,ARV,Adult,SCMS from RDC,SKU0054,"Lamivudine/Nevirapine/Zidovudine 150/200/300mg, tablets, 60 Tabs",Generic,60,50000,413000,8.26,0.14,Mylan (formerly Matrix) Nashik,6481,36226.26,510.88
85394,Uganda,PMO - US,From RDC,N/A - From RDC,Air,2-Sep-13,2-Sep-13,ARV,Adult,SCMS from RDC,SKU0054,"Lamivudine/Nevirapine/Zidovudine 150/200/300mg, tablets, 60 Tabs",Generic,60,59680,512054.4,8.58,0.14,Hetero Unit III Hyderabad IN,9886,58707,633.41
85396,Mozambique,PMO - US,From RDC,N/A - From RDC,Truck,27-Sep-13,27-Sep-13,ARV,Adult,SCMS from RDC,SKU0044,"Lamivudine/Nevirapine/Stavudine 150/200/30mg, tablets, 60 Tabs",Generic,60,13100,61570,4.7,0.08,"Strides, Bangalore, India.",See DN-3281 (ID#:82599),See DN-3281 (ID#:82599),76.16
85397,Burundi,PMO - US,From RDC,N/A - From RDC,Air,30-Aug-13,27-Aug-13,ARV,Adult,SCMS from RDC,SKU0105,"Emtricitabine/Tenofovir Disoproxil Fumarate 200/300mg, tablets, 30 Tabs",Generic,30,2562,15551.34,6.07,0.2,"Aurobindo Unit III, India",240,1634.38,19.24
85398,Tanzania,PMO - US,From RDC,N/A - From RDC,Truck,15-Oct-13,5-Sep-13,ARV,Pediatric,SCMS from RDC,SKU0126,"Nevirapine 10mg/ml, oral suspension w/syringe, Bottle, 240 ml",Generic,240,14146,27584.7,1.95,0.01,"Aurobindo Unit III, India",5475,17114.5,34.12
85399,Nigeria,PMO - US,From RDC,N/A - From RDC,Air Charter,18-Sep-13,12-Sep-13,ARV,Adult,SCMS from RDC,SKU0054,"Lamivudine/Nevirapine/Zidovudine 150/200/300mg, tablets, 60 Tabs",Generic,60,80000,686400,8.58,0.14,"Strides, Bangalore, India.",See DN-3324 (ID#:84854),See DN-3324 (ID#:84854),849.08
85400,Zambia,PMO - US,From RDC,N/A - From RDC,Truck,30-Sep-13,17-Sep-13,ARV,Adult,SCMS from RDC,SKU0058,"Abacavir 300mg, tablets, 60 Tabs",Generic,60,62000,710520,11.46,0.19,Mylan (formerly Matrix) Nashik,6795,14316.94,878.91
85401,Côte d'Ivoire,PMO - US,From RDC,N/A - From RDC,Truck,30-Sep-13,20-Sep-13,ARV,Adult,SCMS from RDC,SKU0011,"Lamivudine/Zidovudine 150/300mg, tablets, 60 Tabs",Generic,60,19920,144818.4,7.27,0.12,"Cipla, Goa, India",See DN-3329 (ID#:82602),See DN-3329 (ID#:82602),179.14
85402,Guyana,PMO - US,From RDC,N/A - From RDC,Air,30-Sep-13,4-Oct-13,ARV,Pediatric,SCMS from RDC,SKU0117,"Zidovudine 10mg/ml, oral solution w/syringe, Bottle, 240 ml",Generic,240,160,336,2.1,0.01,"Aurobindo Unit III, India",See DN-3331 (ID#:82603),See DN-3331 (ID#:82603),0.42
85407,Dominican Republic,PMO - US,From RDC,N/A - From RDC,Air,29-Oct-13,10-Oct-13,ARV,Adult,SCMS from RDC,SKU0026,"Efavirenz 600mg, tablets, 30 Tabs",Generic,30,41083,136806.39,3.33,0.11,"Aurobindo Unit III, India",See DN-3355 (ID#:83726),See DN-3355 (ID#:83726),169.23
85408,Zambia,PMO - US,From RDC,N/A - From RDC,Truck,24-Nov-13,29-Nov-13,ARV,Adult,SCMS from RDC,SKU0007,"Nevirapine 200mg, tablets, 60 Tabs",Generic,60,35496,80220.96,2.26,0.04,"Cipla, Goa, India",Weight Captured Separately,Freight Included in Commodity Cost,99.23
85409,Zambia,PMO - US,From RDC,N/A - From RDC,Truck,29-Nov-13,29-Nov-13,ARV,Adult,SCMS from RDC,SKU0007,"Nevirapine 200mg, tablets, 60 Tabs",Generic,60,80000,180800,2.26,0.04,"Micro labs, Verna, Goa, India",6502,13300.01,223.65
85410,Nigeria,PMO - US,From RDC,N/A - From RDC,Air Charter,31-Oct-13,14-Oct-13,ARV,Adult,SCMS from RDC,SKU0054,"Lamivudine/Nevirapine/Zidovudine 150/200/300mg, tablets, 60 Tabs",Generic,60,123700,1061346,8.58,0.14,"Cipla, Goa, India",18882,20225.07,1312.89
85412,Côte d'Ivoire,PMO - US,From RDC,N/A - From RDC,Truck,31-Oct-13,22-Oct-13,ARV,Pediatric,SCMS from RDC,SKU0117,"Zidovudine 10mg/ml, oral solution w/syringe, Bottle, 240 ml",Generic,240,2000,4200,2.1,0.01,"Aurobindo Unit III, India",See DN-3371 (ID#:83174),See DN-3371 (ID#:83174),5.2
85413,Zambia,PMO - US,From RDC,N/A - From RDC,Truck,31-Oct-13,24-Jan-14,ARV,Pediatric,SCMS from RDC,SKU0140,"Lamivudine/Nevirapine/Zidovudine 30/50/60mg, dispersible tablets, 60 Tabs",Generic,60,20000,77800,3.89,0.06,Mylan (formerly Matrix) Nashik,117,5900,96.24
85414,Burundi,PMO - US,From RDC,N/A - From RDC,Air,29-Dec-13,20-Nov-13,ARV,Adult,SCMS from RDC,SKU0113,"Efavirenz/Lamivudine/Tenofovir Disoproxil Fumarate 600/300/300mg, tablets, 30 Tabs",Generic,30,6120,68238,11.15,0.37,Hetero Unit III Hyderabad IN,820,4581.26,84.41
85415,Uganda,PMO - US,From RDC,N/A - From RDC,Truck,29-Nov-13,13-Nov-13,ARV,Adult,SCMS from RDC,SKU0058,"Abacavir 300mg, tablets, 60 Tabs",Generic,60,990,11345.4,11.46,0.19,"Aurobindo Unit III, India",597,2279.5,14.03
85419,Tanzania,PMO - US,From RDC,N/A - From RDC,Truck,26-Dec-13,16-Dec-13,ARV,Adult,SCMS from RDC,SKU0007,"Nevirapine 200mg, tablets, 60 Tabs",Generic,60,72518,163890.68,2.26,0.04,"Strides, Bangalore, India.",See DN-3401 (ID#:83180),See DN-3401 (ID#:83180),202.73
85420,Tanzania,PMO - US,From RDC,N/A - From RDC,Truck,31-Dec-13,9-Jan-14,ARV,Pediatric,SCMS from RDC,SKU0140,"Lamivudine/Nevirapine/Zidovudine 30/50/60mg, dispersible tablets, 60 Tabs",Generic,60,50000,194500,3.89,0.06,Mylan (formerly Matrix) Nashik,2791,10167.54,240.6
85421,Côte d'Ivoire,PMO - US,From RDC,N/A - From RDC,Truck,18-Nov-13,2-Dec-13,ARV,Adult,SCMS from RDC,SKU0003,"Lamivudine 150mg, tablets, 60 Tabs",Generic,60,4800,10704,2.23,0.04,"Strides, Bangalore, India.",216,4017.7,13.24
85422,Guyana,PMO - US,From RDC,N/A - From RDC,Air,31-Dec-13,30-Nov-13,ARV,Pediatric,SCMS from RDC,SKU0130,"Lamivudine 10mg/ml, oral solution w/syringe, Bottle, 240 ml",Generic,240,81,117.45,1.45,0.01,"Aurobindo Unit III, India",32,728.3,0.15
85423,Mozambique,PMO - US,From RDC,N/A - From RDC,Truck,31-Jan-14,30-Jan-14,ARV,Adult,SCMS from RDC,SKU0014,"Zidovudine 300mg, tablets, 60 Tabs",Generic,60,33650,187767,5.58,0.09,"Aurobindo Unit III, India",6904,5816.46,232.27
85426,Côte d'Ivoire,PMO - US,From RDC,N/A - From RDC,Truck,7-Jan-14,14-Dec-13,ARV,Pediatric,SCMS from RDC,SKU0182,"Didanosine 200mg, [DON] delayed-release capsules, 30 Caps",Generic,30,1200,0,0,0,"Aurobindo Unit III, India",80,1532.73,0
85427,Tanzania,PMO - US,From RDC,N/A - From RDC,Truck,31-Jan-14,20-Jan-14,ARV,Adult,SCMS from RDC,SKU0113,"Efavirenz/Lamivudine/Tenofovir Disoproxil Fumarate 600/300/300mg, tablets, 30 Tabs",Generic,30,5531,61670.65,11.15,0.37,Hetero Unit III Hyderabad IN,See DN-3454 (ID#:83194),See DN-3454 (ID#:83194),76.29
85428,Zimbabwe,PMO - US,From RDC,N/A - From RDC,Truck,31-Jan-14,13-Jan-14,ARV,Pediatric,SCMS from RDC,SKU0140,"Lamivudine/Nevirapine/Zidovudine 30/50/60mg, dispersible tablets, 60 Tabs",Generic,60,88500,344265,3.89,0.06,"Cipla, Goa, India",See DN-3457 (ID#:82626),See DN-3457 (ID#:82626),425.86
85429,Côte d'Ivoire,PMO - US,From RDC,N/A - From RDC,Air,17-Jan-14,17-Jan-14,ARV,Adult,SCMS from RDC,SKU0107,"Lamivudine/Tenofovir Disoproxil Fumarate 300/300mg, tablets, 30 Tabs",Generic,30,9744,45796.8,4.7,0.16,"Cipla, Kurkumbh, India",989,12924.8,56.65
85430,Burundi,PMO - US,From RDC,N/A - From RDC,Air,15-Nov-13,22-Nov-13,ARV,Adult,SCMS from RDC,SKU0007,"Nevirapine 200mg, tablets, 60 Tabs",Generic,60,687,1552.62,2.26,0.04,"Strides, Bangalore, India.",See DN-3381 (ID#:84319),See DN-3381 (ID#:84319),1.92
85431,Mozambique,PMO - US,From RDC,N/A - From RDC,Truck,31-Jan-14,10-Feb-14,ARV,Adult,SCMS from RDC,SKU0011,"Lamivudine/Zidovudine 150/300mg, tablets, 60 Tabs",Generic,60,34552,232534.96,6.73,0.11,"Cipla, Goa, India",See DN-3483 (ID#:82633),See DN-3483 (ID#:82633),287.65
85432,South Sudan,PMO - US,From RDC,N/A - From RDC,Air,22-Jan-14,11-Feb-14,ARV,Pediatric,SCMS from RDC,SKU0142,"Efavirenz 200mg, scored tablets, 90 Tabs",Generic,90,66,613.8,9.3,0.1,"Strides, Bangalore, India.",See DN-3493 (ID#:84322),See DN-3493 (ID#:84322),0.63
85433,Nigeria,PMO - US,From RDC,N/A - From RDC,Air Charter,17-Jan-14,10-Jan-14,ARV,Adult,SCMS from RDC,SKU0113,"Efavirenz/Lamivudine/Tenofovir Disoproxil Fumarate 600/300/300mg, tablets, 30 Tabs",Generic,30,249986,2787343.9,11.15,0.37,Mylan (formerly Matrix) Nashik,See DN-3494 (ID#:84883),See DN-3494 (ID#:84883),3447.94
85436,Côte d'Ivoire,PMO - US,From RDC,N/A - From RDC,Truck,15-Feb-14,18-Feb-14,ARV,Adult,SCMS from RDC,SKU0113,"Efavirenz/Lamivudine/Tenofovir Disoproxil Fumarate 600/300/300mg, tablets, 30 Tabs",Generic,30,50510,549043.7,10.87,0.36,Hetero Unit III Hyderabad IN,6766,18278.07,679.17
85437,Mozambique,PMO - US,From RDC,N/A - From RDC,Truck,10-Mar-14,20-Feb-14,ARV,Adult,SCMS from RDC,SKU0113,"Efavirenz/Lamivudine/Tenofovir Disoproxil Fumarate 600/300/300mg, tablets, 30 Tabs",Generic,30,103129,1121012.23,10.87,0.36,"Aurobindo Unit VII, IN",See DN-3526 (ID#:82649),See DN-3526 (ID#:82649),1386.69
85438,Uganda,PMO - US,From RDC,N/A - From RDC,Air,28-Feb-14,21-Feb-14,ARV,Adult,SCMS from RDC,SKU0007,"Nevirapine 200mg, tablets, 60 Tabs",Generic,60,23819,53830.94,2.26,0.04,"Strides, Bangalore, India.",1447,8854.24,55.34
85440,Mozambique,PMO - US,From RDC,N/A - From RDC,Truck,15-Apr-14,28-Mar-14,ARV,Adult,SCMS from RDC,SKU0107,"Lamivudine/Tenofovir Disoproxil Fumarate 300/300mg, tablets, 30 Tabs",Generic,30,1638,7698.6,4.7,0.16,"Cipla, Kurkumbh, India",See DN-3558 (ID#:83766),See DN-3558 (ID#:83766),7.91
85444,Côte d'Ivoire,PMO - US,From RDC,N/A - From RDC,Truck,31-Mar-14,26-Mar-14,ARV,Adult,SCMS from RDC,SKU0026,"Efavirenz 600mg, tablets, 30 Tabs",Generic,30,72300,240759,3.33,0.11,"Strides, Bangalore, India.",4392,18607.76,337.54
85445,Zimbabwe,PMO - US,From RDC,N/A - From RDC,Truck,31-Mar-14,24-Mar-14,ARV,Pediatric,SCMS from RDC,SKU0140,"Lamivudine/Nevirapine/Zidovudine 30/50/60mg, dispersible tablets, 60 Tabs",Generic,60,290000,1087500,3.75,0.06,Mylan (formerly Matrix) Nashik,16192,18090.64,1345.24
85446,Ghana,PMO - US,From RDC,N/A - From RDC,Truck,20-Mar-14,14-Mar-14,ARV,Adult,SCMS from RDC,SKU0026,"Efavirenz 600mg, tablets, 30 Tabs",Generic,30,24996,83236.68,3.33,0.11,"Strides, Bangalore, India.",See DN-3576 (ID#:83216),See DN-3576 (ID#:83216),85.57
85447,Ghana,PMO - US,From RDC,N/A - From RDC,Truck,20-Mar-14,14-Mar-14,ARV,Adult,SCMS from RDC,SKU0113,"Efavirenz/Lamivudine/Tenofovir Disoproxil Fumarate 600/300/300mg, tablets, 30 Tabs",Generic,30,47158,512607.46,10.87,0.36,Mylan (formerly Matrix) Nashik,See DN-3576 (ID#:83216),See DN-3576 (ID#:83216),526.96
85448,Rwanda,PMO - US,From RDC,N/A - From RDC,Truck,28-Mar-14,2-Apr-14,ARV,Adult,SCMS from RDC,SKU0107,"Lamivudine/Tenofovir Disoproxil Fumarate 300/300mg, tablets, 30 Tabs",Generic,30,36406,171108.2,4.7,0.16,Hetero Unit III Hyderabad IN,See DN-3579 (ID#:83217),See DN-3579 (ID#:83217),211.66
85449,Mozambique,PMO - US,From RDC,N/A - From RDC,Truck,15-Apr-14,14-Apr-14,ARV,Adult,SCMS from RDC,SKU0054,"Lamivudine/Nevirapine/Zidovudine 150/200/300mg, tablets, 60 Tabs",Generic,60,95,784.7,8.26,0.14,Mylan (formerly Matrix) Nashik,See DN-3580 (ID#:83772),See DN-3580 (ID#:83772),0.81
85451,Ghana,PMO - US,From RDC,N/A - From RDC,Air,7-Apr-14,7-Apr-14,ARV,Adult,SCMS from RDC,SKU0107,"Lamivudine/Tenofovir Disoproxil Fumarate 300/300mg, tablets, 30 Tabs",Generic,30,34224,160852.8,4.7,0.16,Hetero Unit III Hyderabad IN,See DN-3590 (ID#:84350),See DN-3590 (ID#:84350),165.36
85452,Côte d'Ivoire,PMO - US,From RDC,N/A - From RDC,Truck,10-Apr-14,10-Apr-14,ARV,Adult,SCMS from RDC,SKU0107,"Lamivudine/Tenofovir Disoproxil Fumarate 300/300mg, tablets, 30 Tabs",Generic,30,6377,29971.9,4.7,0.16,Hetero Unit III Hyderabad IN,833,4730.18,37.08
85453,Côte d'Ivoire,PMO - US,From RDC,N/A - From RDC,Air,31-Mar-14,14-Apr-14,ARV,Adult,SCMS from RDC,SKU0003,"Lamivudine 150mg, tablets, 60 Tabs",Generic,60,1481,3184.15,2.15,0.04,"Aurobindo Unit III, India",141,1400,3.94
85454,Mozambique,PMO - US,From RDC,N/A - From RDC,Truck,31-Aug-14,3-Jun-14,ARV,Adult,SCMS from RDC,SKU0107,"Lamivudine/Tenofovir Disoproxil Fumarate 300/300mg, tablets, 30 Tabs",Generic,30,3456,16243.2,4.7,0.16,Hetero Unit III Hyderabad IN,358,3590,16.7
85455,Zambia,PMO - US,From RDC,N/A - From RDC,Truck,6-May-14,4-Jun-14,ARV,Adult,SCMS from RDC,SKU0135,"Lopinavir/Ritonavir 200/50mg, tablets, 120 Tabs",Generic,120,3599,73707.52,20.48,0.17,Mylan (formerly Matrix) Nashik,See DN-3625 (ID#:83233),See DN-3625 (ID#:83233),75.77
85456,Guyana,PMO - US,From RDC,N/A - From RDC,Air,30-Jun-14,14-Apr-14,ARV,Pediatric,SCMS from RDC,SKU0130,"Lamivudine 10mg/ml, oral solution w/syringe, Bottle, 240 ml",Generic,240,144,205.92,1.43,0.01,"Aurobindo Unit III, India",See DN-3626 (ID#:83781),See DN-3626 (ID#:83781),0.21
85457,Tanzania,PMO - US,From RDC,N/A - From RDC,Truck,30-Jun-14,15-Aug-14,ARV,Adult,SCMS from RDC,SKU0132,"Efavirenz/Emtricitabine/Tenofovir Disoproxil Fumarate 600/200/300mg, tablets, 30 Tabs",Generic,30,76134,905233.26,11.89,0.4,"Hetero, Jadcherla, unit 5, IN",9400,43758.8,930.58
85458,Côte d'Ivoire,PMO - US,From RDC,N/A - From RDC,Truck,30-May-14,23-Apr-14,ARV,Adult,SCMS from RDC,SKU0135,"Lopinavir/Ritonavir 200/50mg, tablets, 120 Tabs",Generic,120,964,19318.56,20.04,0.17,Mylan (formerly Matrix) Nashik,6705,27664.61,23.9
85459,Côte d'Ivoire,PMO - US,From RDC,N/A - From RDC,Truck,30-Apr-14,25-Apr-14,ARV,Adult,SCMS from RDC,SKU0058,"Abacavir 300mg, tablets, 60 Tabs",Generic,60,10620,119262.6,11.23,0.19,"Aurobindo Unit III, India",See DN-3632 (ID#:82665),See DN-3632 (ID#:82665),122.6
85460,Côte d'Ivoire,PMO - US,From RDC,N/A - From RDC,Truck,30-Apr-14,22-Apr-14,ARV,Adult,SCMS from RDC,SKU0113,"Efavirenz/Lamivudine/Tenofovir Disoproxil Fumarate 600/300/300mg, tablets, 30 Tabs",Generic,30,30000,323400,10.78,0.36,Hetero Unit III Hyderabad IN,See DN-3633 (ID#:82666),See DN-3633 (ID#:82666),332.46
85461,Tanzania,PMO - US,From RDC,N/A - From RDC,Truck,15-Sep-14,25-Sep-14,ARV,Adult,SCMS from RDC,SKU0105,"Emtricitabine/Tenofovir Disoproxil Fumarate 200/300mg, tablets, 30 Tabs",Generic,30,1542,8851.08,5.74,0.19,"Aurobindo Unit III, India",9400,2317.16,10.95
85462,Zambia,PMO - US,From RDC,N/A - From RDC,Truck,6-May-14,19-May-14,ARV,Adult,SCMS from RDC,SKU0107,"Lamivudine/Tenofovir Disoproxil Fumarate 300/300mg, tablets, 30 Tabs",Generic,30,123856,574691.84,4.64,0.15,Hetero Unit III Hyderabad IN,See DN-3648 (ID#:84360),See DN-3648 (ID#:84360),590.78
85463,Mozambique,PMO - US,From RDC,N/A - From RDC,Truck,16-Jun-14,23-May-14,ARV,Adult,SCMS from RDC,SKU0054,"Lamivudine/Nevirapine/Zidovudine 150/200/300mg, tablets, 60 Tabs",Generic,60,100000,811000,8.11,0.14,Hetero Unit III Hyderabad IN,48109,30202.86,833.71
85464,Mozambique,PMO - US,From RDC,N/A - From RDC,Truck,16-Jun-14,23-May-14,ARV,Adult,SCMS from RDC,SKU0054,"Lamivudine/Nevirapine/Zidovudine 150/200/300mg, tablets, 60 Tabs",Generic,60,100000,811000,8.11,0.14,"Aurobindo Unit III, India",See DN-3652 (ID#:85463),See DN-3652 (ID#:85463),833.71
85465,Côte d'Ivoire,PMO - US,From RDC,N/A - From RDC,Air,30-Apr-14,12-May-14,ARV,Adult,SCMS from RDC,SKU0054,"Lamivudine/Nevirapine/Zidovudine 150/200/300mg, tablets, 60 Tabs",Generic,60,24765,200844.15,8.11,0.14,"Strides, Bangalore, India.",2666,11186.09,248.44
85466,Côte d'Ivoire,PMO - US,From RDC,N/A - From RDC,Truck,30-Apr-14,22-Apr-14,ARV,Pediatric,SCMS from RDC,SKU0157,"Abacavir/Lamivudine 60/30mg, dispersible tablets, 60 Tabs",Generic,60,11000,61930,5.63,0.09,"Cipla, Patalganga, India",See DN-3656 (ID#:84922),See DN-3656 (ID#:84922),63.66
85467,Zambia,PMO - US,From RDC,N/A - From RDC,Air,8-Apr-14,18-Apr-14,ARV,Pediatric,SCMS from RDC,SKU0146,"Nevirapine 10mg/ml, oral suspension w/syringe, Bottle, 100 ml",Generic,100,2000,2600,1.3,0.01,"Aurobindo Unit III, India",See DN-3657 (ID#:82670),See DN-3657 (ID#:82670),2.67
85468,Uganda,PMO - US,From RDC,N/A - From RDC,Truck,20-May-14,8-May-14,ARV,Adult,SCMS from RDC,SKU0011,"Lamivudine/Zidovudine 150/300mg, tablets, 60 Tabs",Generic,60,114630,771459.9,6.73,0.11,Hetero Unit III Hyderabad IN,10166,4909.97,793.06
85472,Tanzania,PMO - US,From RDC,N/A - From RDC,Truck,30-Jun-14,24-Jun-14,ARV,Adult,SCMS from RDC,SKU0132,"Efavirenz/Emtricitabine/Tenofovir Disoproxil Fumarate 600/200/300mg, tablets, 30 Tabs",Generic,30,50000,594500,11.89,0.4,"Cipla, Goa, India",5446,27804.65,611.15
85473,Côte d'Ivoire,PMO - US,From RDC,N/A - From RDC,Truck,30-May-14,12-May-14,ARV,Adult,SCMS from RDC,SKU0003,"Lamivudine 150mg, tablets, 60 Tabs",Generic,60,1821,3168.54,1.74,0.03,"Micro labs, Verna, Goa, India",See DN-3685 (ID#:83245),See DN-3685 (ID#:83245),3.26
85474,Tanzania,PMO - US,From RDC,N/A - From RDC,Truck,1-Jun-14,5-Jun-14,ARV,Adult,SCMS from RDC,SKU0113,"Efavirenz/Lamivudine/Tenofovir Disoproxil Fumarate 600/300/300mg, tablets, 30 Tabs",Generic,30,151208,1590708.16,10.52,0.35,Hetero Unit III Hyderabad IN,20501,13765.17,1967.71
85475,Mozambique,PMO - US,From RDC,N/A - From RDC,Truck,31-Jul-14,5-Sep-14,ARV,Adult,SCMS from RDC,SKU0008,"Lopinavir/Ritonavir 200/50mg [Aluvia], tablets, 120 Tabs",Aluvia,120,12800,241920,18.9,0.16,ABBVIE Ludwigshafen Germany,2844,4853.84,248.69
85476,Côte d'Ivoire,PMO - US,From RDC,N/A - From RDC,Truck,30-Jun-14,4-Jun-14,ARV,Adult,SCMS from RDC,SKU0026,"Efavirenz 600mg, tablets, 30 Tabs",Generic,30,25000,83250,3.33,0.11,"Strides, Bangalore, India.",See DN-3706 (ID#:82676),See DN-3706 (ID#:82676),116.72
85477,Nigeria,PMO - US,From RDC,N/A - From RDC,Air Charter,30-Jun-14,9-May-14,ARV,Pediatric,SCMS from RDC,SKU0140,"Lamivudine/Nevirapine/Zidovudine 30/50/60mg, dispersible tablets, 60 Tabs",Generic,60,85800,321750,3.75,0.06,Mylan (formerly Matrix) Nashik,5605,45180.63,330.76
85478,Côte d'Ivoire,PMO - US,From RDC,N/A - From RDC,Truck,16-Jun-14,16-Jun-14,ARV,Adult,SCMS from RDC,SKU0054,"Lamivudine/Nevirapine/Zidovudine 150/200/300mg, tablets, 60 Tabs",Generic,60,24765,200844.15,8.11,0.14,"Strides, Bangalore, India.",2751,11438.93,206.47
85480,Uganda,PMO - US,From RDC,N/A - From RDC,Truck,30-Jun-14,30-Jun-14,ARV,Adult,SCMS from RDC,SKU0054,"Lamivudine/Nevirapine/Zidovudine 150/200/300mg, tablets, 60 Tabs",Generic,60,212934,1758834.84,8.26,0.14,Hetero Unit III Hyderabad IN,27953,19248.7,1808.08
85481,Guyana,PMO - US,From RDC,N/A - From RDC,Air,30-Jun-14,3-Jun-14,ARV,Adult,SCMS from RDC,SKU0003,"Lamivudine 150mg, tablets, 60 Tabs",Generic,60,574,998.76,1.74,0.03,"Aurobindo Unit III, India",See DN-3737 (ID#:84934),See DN-3737 (ID#:84934),1.03
85483,Mozambique,PMO - US,From RDC,N/A - From RDC,Truck,31-Aug-14,18-Jul-14,ARV,Adult,SCMS from RDC,SKU0113,"Efavirenz/Lamivudine/Tenofovir Disoproxil Fumarate 600/300/300mg, tablets, 30 Tabs",Generic,30,165917,1788585.26,10.78,0.36,Hetero Unit III Hyderabad IN,45740,31113.19,1838.67
85488,Zimbabwe,PMO - US,From RDC,N/A - From RDC,Truck,30-Jul-14,11-Jul-14,ARV,Adult,SCMS from RDC,SKU0007,"Nevirapine 200mg, tablets, 60 Tabs",Generic,60,51747,116948.22,2.26,0.04,"Strides, Bangalore, India.",See DN-3780 (ID#:84944),See DN-3780 (ID#:84944),120.22
85490,Côte d'Ivoire,PMO - US,From RDC,N/A - From RDC,Truck,30-Sep-14,8-Sep-14,ARV,Pediatric,SCMS from RDC,SKU0117,"Zidovudine 10mg/ml, oral solution w/syringe, Bottle, 240 ml",Generic,240,3393,7125.3,2.1,0.01,"Cipla, Goa, India",1273,4783.36,7.32
85491,Côte d'Ivoire,PMO - US,From RDC,N/A - From RDC,Air,30-Sep-14,8-Sep-14,ARV,Pediatric,SCMS from RDC,SKU0117,"Zidovudine 10mg/ml, oral solution w/syringe, Bottle, 240 ml",Generic,240,7000,14700,2.1,0.01,"Cipla, Goa, India",2625,9868.54,15.11
85492,Mozambique,PMO - US,From RDC,N/A - From RDC,Truck,1-Feb-15,13-Jan-15,ARV,Adult,SCMS from RDC,SKU0011,"Lamivudine/Zidovudine 150/300mg, tablets, 60 Tabs",Generic,60,26512,172858.24,6.52,0.11,"Aurobindo Unit III, India",2381,5073.25,177.7
85493,Mozambique,PMO - US,From RDC,N/A - From RDC,Truck,31-Dec-14,30-Oct-14,ARV,Adult,SCMS from RDC,SKU0026,"Efavirenz 600mg, tablets, 30 Tabs",Generic,30,1040,3338.4,3.21,0.11,"Strides, Bangalore, India.",See DN-3875 (ID#:83255),See DN-3875 (ID#:83255),3.43
85494,Mozambique,PMO - US,From RDC,N/A - From RDC,Truck,31-Dec-14,30-Oct-14,ARV,Adult,SCMS from RDC,SKU0113,"Efavirenz/Lamivudine/Tenofovir Disoproxil Fumarate 600/300/300mg, tablets, 30 Tabs",Generic,30,18886,203591.08,10.78,0.36,"Aurobindo Unit VII, IN",See DN-3875 (ID#:83255),See DN-3875 (ID#:83255),209.29
85496,Nigeria,PMO - US,From RDC,N/A - From RDC,Air Charter,30-Jun-14,20-Jun-14,ARV,Adult,SCMS from RDC,SKU0152,"Abacavir/Lamivudine 600/300mg, tablets, 30 Tabs",Generic,30,19573,264626.96,13.52,0.45,"Cipla, Patalganga, India",1947,28812.57,272.04
85497,Nigeria,PMO - US,From RDC,N/A - From RDC,Air Charter,30-Jun-14,20-Jun-14,ARV,Adult,SCMS from RDC,SKU0011,"Lamivudine/Zidovudine 150/300mg, tablets, 60 Tabs",Generic,60,34000,221680,6.52,0.11,Hetero Unit III Hyderabad IN,See DN-3792 (ID#:83259),See DN-3792 (ID#:83259),227.89
85499,Burundi,PMO - US,From RDC,N/A - From RDC,Air,30-Aug-14,5-Sep-14,ARV,Adult,SCMS from RDC,SKU0135,"Lopinavir/Ritonavir 200/50mg, tablets, 120 Tabs",Generic,120,200,4008,20.04,0.17,Mylan (formerly Matrix) Nashik,53,1621.53,4.12
85500,Rwanda,PMO - US,From RDC,N/A - From RDC,Truck,30-Sep-14,16-Jul-14,ARV,Pediatric,SCMS from RDC,SKU0138,"Abacavir/Lamivudine 60/30mg, tablets, 60 Tabs",Generic,60,1419,6385.5,4.5,0.08,"Aurobindo Unit III, India",71,961.06,6.56
85501,Côte d'Ivoire,PMO - US,From RDC,N/A - From RDC,Truck,28-Nov-14,9-Jul-14,ARV,Pediatric,SCMS from RDC,SKU0138,"Abacavir/Lamivudine 60/30mg, tablets, 60 Tabs",Generic,60,2863,11709.67,4.09,0.07,Mylan (formerly Matrix) Nashik,See DN-3803 (ID#:83260),See DN-3803 (ID#:83260),12.04
85502,Nigeria,PMO - US,From RDC,N/A - From RDC,Air Charter,31-Oct-14,20-Jun-14,ARV,Adult,SCMS from RDC,SKU0107,"Lamivudine/Tenofovir Disoproxil Fumarate 300/300mg, tablets, 30 Tabs",Generic,30,7354,34122.56,4.64,0.15,Hetero Unit III Hyderabad IN,See DN-3807 (ID#:82698),See DN-3807 (ID#:82698),35.08
85503,Tanzania,PMO - US,From RDC,N/A - From RDC,Truck,29-Aug-14,23-Sep-14,ARV,Pediatric,SCMS from RDC,SKU0140,"Lamivudine/Nevirapine/Zidovudine 30/50/60mg, dispersible tablets, 60 Tabs",Generic,60,17000,63410,3.73,0.06,Mylan (formerly Matrix) Nashik,931,6002,78.44
85504,Guyana,PMO - US,From RDC,N/A - From RDC,Air,21-Jul-14,25-Aug-14,ARV,Adult,SCMS from RDC,SKU0105,"Emtricitabine/Tenofovir Disoproxil Fumarate 200/300mg, tablets, 30 Tabs",Generic,30,2158,12386.92,5.74,0.19,"Aurobindo Unit III, India",196,3009.33,12.73
85505,Mozambique,PMO - US,From RDC,N/A - From RDC,Truck,31-Dec-14,15-Aug-14,ARV,Adult,SCMS from RDC,SKU0044,"Lamivudine/Nevirapine/Stavudine 150/200/30mg, tablets, 60 Tabs",Generic,60,5768,24917.76,4.32,0.07,Hetero Unit III Hyderabad IN,592,598.91,25.62
85506,Zambia,PMO - US,From RDC,N/A - From RDC,Truck,31-Jul-14,23-Jul-14,ARV,Adult,SCMS from RDC,SKU0113,"Efavirenz/Lamivudine/Tenofovir Disoproxil Fumarate 600/300/300mg, tablets, 30 Tabs",Generic,30,352500,3799950,10.78,0.36,Hetero Unit III Hyderabad IN,82137,67855.39,3906.35
85507,Zambia,PMO - US,From RDC,N/A - From RDC,Truck,31-Jul-14,23-Jul-14,ARV,Adult,SCMS from RDC,SKU0113,"Efavirenz/Lamivudine/Tenofovir Disoproxil Fumarate 600/300/300mg, tablets, 30 Tabs",Generic,30,106280,1145698.4,10.78,0.36,"Aurobindo Unit VII, IN",See DN-3819 (ID#:85506),See DN-3819 (ID#:85506),1177.78
85508,Zimbabwe,PMO - US,From RDC,N/A - From RDC,Truck,30-Sep-14,29-Jun-14,ARV,Adult,SCMS from RDC,SKU0107,"Lamivudine/Tenofovir Disoproxil Fumarate 300/300mg, tablets, 30 Tabs",Generic,30,75701,350495.63,4.63,0.15,"Cipla, Kurkumbh, India",See DN-3825 (ID#:82702),See DN-3825 (ID#:82702),360.31
85509,Mozambique,PMO - US,From RDC,N/A - From RDC,Truck,29-Aug-14,25-Aug-14,ARV,Adult,SCMS from RDC,SKU0054,"Lamivudine/Nevirapine/Zidovudine 150/200/300mg, tablets, 60 Tabs",Generic,60,150000,1216500,8.11,0.14,Mylan (formerly Matrix) Nashik,See DN-3827 (ID#:82705),See DN-3827 (ID#:82705),1250.56
85637,Côte d'Ivoire,PMO - US,From RDC,N/A - From RDC,Air,1-Dec-09,2-Dec-09,ARV,Adult,SCMS from RDC,SKU0014,"Zidovudine 300mg, tablets, 60 Tabs",Generic,60,8430,63477.9,7.53,0.13,"Aurobindo Unit III, India",546,1211.48,124.42
85510,Mozambique,PMO - US,From RDC,N/A - From RDC,Truck,29-Aug-14,30-Oct-14,ARV,Adult,SCMS from RDC,SKU0011,"Lamivudine/Zidovudine 150/300mg, tablets, 60 Tabs",Generic,60,9784,63791.68,6.52,0.11,"Aurobindo Unit III, India",884,684.86,78.91
85511,"Congo, DRC",PMO - US,From RDC,N/A - From RDC,Air,13-Aug-14,24-Sep-14,ARV,Pediatric,SCMS from RDC,SKU0131,"Lamivudine/Zidovudine 30/60mg, tablets, 60 Tabs",Generic,60,900,1791,1.99,0.03,Mylan (formerly Matrix) Nashik,See DN-3843 (ID#:82707),See DN-3843 (ID#:82707),1.84
85518,Mozambique,PMO - US,From RDC,N/A - From RDC,Truck,29-Aug-14,27-Oct-14,ARV,Adult,SCMS from RDC,SKU0011,"Lamivudine/Zidovudine 150/300mg, tablets, 60 Tabs",Generic,60,15000,97800,6.52,0.11,"Aurobindo Unit III, India",15659,10925.34,100.54
85519,Mozambique,PMO - US,From RDC,N/A - From RDC,Truck,29-Aug-14,27-Oct-14,ARV,Adult,SCMS from RDC,SKU0054,"Lamivudine/Nevirapine/Zidovudine 150/200/300mg, tablets, 60 Tabs",Generic,60,33922,275107.42,8.11,0.14,"Cipla, Goa, India",16611,11223.8,282.81
85520,Tanzania,PMO - US,From RDC,N/A - From RDC,Truck,29-Aug-14,29-Sep-14,ARV,Pediatric,SCMS from RDC,SKU0140,"Lamivudine/Nevirapine/Zidovudine 30/50/60mg, dispersible tablets, 60 Tabs",Generic,60,57859,215814.07,3.73,0.06,Mylan (formerly Matrix) Nashik,3090,17858.3,266.96
85521,Mozambique,PMO - US,From RDC,N/A - From RDC,Truck,30-Sep-14,27-Oct-14,ARV,Adult,SCMS from RDC,SKU0054,"Lamivudine/Nevirapine/Zidovudine 150/200/300mg, tablets, 60 Tabs",Generic,60,90000,729900,8.11,0.14,Hetero Unit III Hyderabad IN,See DN-3872 (ID#:82726),See DN-3872 (ID#:82726),750.34
85523,Nigeria,PMO - US,From RDC,N/A - From RDC,Air Charter,30-Sep-14,3-Sep-14,ARV,Adult,SCMS from RDC,SKU0011,"Lamivudine/Zidovudine 150/300mg, tablets, 60 Tabs",Generic,60,15485,104214.05,6.73,0.11,Mylan (formerly Matrix) Nashik,See DN-3918 (ID#:83274),See DN-3918 (ID#:83274),107.13
85527,Tanzania,PMO - US,From RDC,N/A - From RDC,Truck,3-Nov-14,28-Oct-14,ARV,Adult,SCMS from RDC,SKU0058,"Abacavir 300mg, tablets, 60 Tabs",Generic,60,2469,27726.87,11.23,0.19,Mylan (formerly Matrix) Nashik,230,1163.2,34.3
85528,"Congo, DRC",PMO - US,From RDC,N/A - From RDC,Air,30-Oct-14,27-Oct-14,ARV,Pediatric,SCMS from RDC,SKU0142,"Efavirenz 200mg, scored tablets, 90 Tabs",Generic,90,710,6624.3,9.33,0.1,"Strides, Bangalore, India.",See DN-3927 (ID#:83845),See DN-3927 (ID#:83845),6.81
85529,Tanzania,PMO - US,From RDC,N/A - From RDC,Truck,3-Nov-14,17-Oct-14,ARV,Adult,SCMS from RDC,SKU0132,"Efavirenz/Emtricitabine/Tenofovir Disoproxil Fumarate 600/200/300mg, tablets, 30 Tabs",Generic,30,17851,212248.39,11.89,0.4,"Cipla, Goa, India",2117,1663.18,218.19
85530,Uganda,PMO - US,From RDC,N/A - From RDC,Air,30-Sep-14,1-Oct-14,ARV,Adult,SCMS from RDC,SKU0152,"Abacavir/Lamivudine 600/300mg, tablets, 30 Tabs",Generic,30,3273,44250.96,13.52,0.45,"Cipla, Patalganga, India",389,2786.61,45.49
85531,Namibia,PMO - US,From RDC,N/A - From RDC,Air,8-Oct-14,21-Oct-14,ARV,Adult,SCMS from RDC,SKU0132,"Efavirenz/Emtricitabine/Tenofovir Disoproxil Fumarate 600/200/300mg, tablets, 30 Tabs",Generic,30,54147,643807.83,11.89,0.4,"Cipla, Goa, India",6425,35476,661.83
85534,Tanzania,PMO - US,From RDC,N/A - From RDC,Truck,28-Nov-14,19-Nov-14,ARV,Pediatric,SCMS from RDC,SKU0124,"Lamivudine/Zidovudine 30/60mg, dispersible tablets, 60 Tabs",Generic,60,34374,73904.1,2.15,0.04,"Cipla, Goa, India",2346,1462.81,75.97
85536,Zambia,PMO - US,From RDC,N/A - From RDC,Truck,30-Jan-15,19-Feb-15,ARV,Adult,SCMS from RDC,SKU0007,"Nevirapine 200mg, tablets, 60 Tabs",Generic,60,41768,92307.28,2.21,0.04,"Strides, Bangalore, India.",2599,3427.33,94.89
85539,Zimbabwe,PMO - US,From RDC,N/A - From RDC,Truck,31-Jan-15,30-Oct-14,ARV,Adult,SCMS from RDC,SKU0113,"Efavirenz/Lamivudine/Tenofovir Disoproxil Fumarate 600/300/300mg, tablets, 30 Tabs",Generic,30,6,0,0,0,Cipla Ltd A-42 MIDC Mahar. IN,See DN-3974 (ID#:82745),See DN-3974 (ID#:82745),0
85541,Uganda,PMO - US,From RDC,N/A - From RDC,Truck,31-Oct-14,25-Nov-14,ARV,Adult,SCMS from RDC,SKU0152,"Abacavir/Lamivudine 600/300mg, tablets, 30 Tabs",Generic,30,5403,73048.56,13.52,0.45,Mylan (formerly Matrix) Nashik,490,2016.1,75.09
85542,Côte d'Ivoire,PMO - US,From RDC,N/A - From RDC,Truck,30-Jan-15,11-Feb-15,ARV,Adult,SCMS from RDC,SKU0054,"Lamivudine/Nevirapine/Zidovudine 150/200/300mg, tablets, 60 Tabs",Generic,60,50700,391404,7.72,0.13,Mylan (formerly Matrix) Nashik,See DN-4024 (ID#:82756),See DN-4024 (ID#:82756),402.36
85547,Côte d'Ivoire,PMO - US,From RDC,N/A - From RDC,Truck,30-Jan-15,11-Feb-15,ARV,Adult,SCMS from RDC,SKU0152,"Abacavir/Lamivudine 600/300mg, tablets, 30 Tabs",Generic,30,2000,26980,13.49,0.45,Mylan (formerly Matrix) Nashik,See DN-4039 (ID#:83869),See DN-4039 (ID#:83869),27.74
85551,Zambia,PMO - US,From RDC,N/A - From RDC,Truck,30-Jan-15,19-Feb-15,ARV,Adult,SCMS from RDC,SKU0011,"Lamivudine/Zidovudine 150/300mg, tablets, 60 Tabs",Generic,60,1846,12183.6,6.6,0.11,Hetero Unit III Hyderabad IN,See DN-4082 (ID#:85008),See DN-4082 (ID#:85008),12.52
85554,Nigeria,PMO - US,From RDC,N/A - From RDC,Air Charter,30-Jan-15,14-Jan-15,ARV,Adult,SCMS from RDC,SKU0054,"Lamivudine/Nevirapine/Zidovudine 150/200/300mg, tablets, 60 Tabs",Generic,60,24000,185280,7.72,0.13,Hetero Unit III Hyderabad IN,See DN-4098 (ID#:84443),See DN-4098 (ID#:84443),190.47
85555,Zimbabwe,PMO - US,From RDC,N/A - From RDC,Truck,16-Feb-15,4-Feb-15,ARV,Adult,SCMS from RDC,SKU0152,"Abacavir/Lamivudine 600/300mg, tablets, 30 Tabs",Generic,30,19913,268626.37,13.49,0.45,"Cipla, Patalganga, India",1828,1955.17,276.15
85556,Zimbabwe,PMO - US,From RDC,N/A - From RDC,Truck,16-Feb-15,4-Feb-15,ARV,Pediatric,SCMS from RDC,SKU0066,"Efavirenz 200mg, capsule, 90 Caps",Generic,90,3969,17542.98,4.42,0.05,"Micro labs, Verna, Goa, India",561,251.42,18.03
85557,Zimbabwe,PMO - US,From RDC,N/A - From RDC,Truck,6-Mar-15,6-Feb-15,ARV,Adult,SCMS from RDC,SKU0113,"Efavirenz/Lamivudine/Tenofovir Disoproxil Fumarate 600/300/300mg, tablets, 30 Tabs",Generic,30,150468,1468567.68,9.76,0.33,Mylan (formerly Matrix) Nashik,See DN-4112 (ID#:84448),See DN-4112 (ID#:84448),1509.69
85558,Zimbabwe,PMO - US,From RDC,N/A - From RDC,Truck,6-Mar-15,6-Feb-15,ARV,Adult,SCMS from RDC,SKU0113,"Efavirenz/Lamivudine/Tenofovir Disoproxil Fumarate 600/300/300mg, tablets, 30 Tabs",Generic,30,74346,725616.96,9.76,0.33,Hetero Unit III Hyderabad IN,See DN-4112 (ID#:84448),See DN-4112 (ID#:84448),745.93
85559,Zimbabwe,PMO - US,From RDC,N/A - From RDC,Truck,16-Feb-15,4-Feb-15,ARV,Pediatric,SCMS from RDC,SKU0140,"Lamivudine/Nevirapine/Zidovudine 30/50/60mg, dispersible tablets, 60 Tabs",Generic,60,203160,761850,3.75,0.06,Mylan (formerly Matrix) Nashik,11353,12654.78,783.18
85560,Zambia,PMO - US,From RDC,N/A - From RDC,Truck,27-Feb-15,19-Feb-15,ARV,Adult,SCMS from RDC,SKU0007,"Nevirapine 200mg, tablets, 60 Tabs",Generic,60,38151,83169.18,2.18,0.04,"Strides, Bangalore, India.",See DN-4117 (ID#:84449),See DN-4117 (ID#:84449),85.5
85561,Nigeria,PMO - US,From RDC,N/A - From RDC,Air Charter,2-Mar-15,5-Feb-15,ARV,Adult,SCMS from RDC,SKU0054,"Lamivudine/Nevirapine/Zidovudine 150/200/300mg, tablets, 60 Tabs",Generic,60,213502,1648235.44,7.72,0.13,"Cipla, Goa, India",31271,62693.85,1694.39
85562,Nigeria,PMO - US,From RDC,N/A - From RDC,Air Charter,2-Mar-15,5-Feb-15,ARV,Adult,SCMS from RDC,SKU0014,"Zidovudine 300mg, tablets, 60 Tabs",Generic,60,14648,80564,5.5,0.09,"Cipla, Goa, India",1023,2244.2,82.82
85564,Mozambique,PMO - US,From RDC,N/A - From RDC,Truck,31-Mar-15,10-Apr-15,ARV,Adult,SCMS from RDC,SKU0007,"Nevirapine 200mg, tablets, 60 Tabs",Generic,60,1400,3052,2.18,0.04,"Strides, Bangalore, India.",4355,3644.18,3.59
85565,Zimbabwe,PMO - US,From RDC,N/A - From RDC,Truck,31-Mar-15,17-Mar-15,ARV,Adult,SCMS from RDC,SKU0113,"Efavirenz/Lamivudine/Tenofovir Disoproxil Fumarate 600/300/300mg, tablets, 30 Tabs",Generic,30,336000,3225600,9.6,0.32,Mylan (formerly Matrix) Nashik,37955,42077.59,3315.92
85566,Burundi,PMO - US,From RDC,N/A - From RDC,Air,27-Feb-15,28-Feb-15,ARV,Pediatric,SCMS from RDC,SKU0124,"Lamivudine/Zidovudine 30/60mg, dispersible tablets, 60 Tabs",Generic,60,325,646.75,1.99,0.03,"Cipla, Goa, India",See DN-4144 (ID#:82781),See DN-4144 (ID#:82781),0.76
85567,Rwanda,PMO - US,From RDC,N/A - From RDC,Truck,31-Mar-15,24-Mar-15,ARV,Adult,SCMS from RDC,SKU0107,"Lamivudine/Tenofovir Disoproxil Fumarate 300/300mg, tablets, 30 Tabs",Generic,30,13653,62667.27,4.59,0.15,"Cipla, Kurkumbh, India",See DN-4149 (ID#:82782),See DN-4149 (ID#:82782),64.42
85569,Côte d'Ivoire,PMO - US,From RDC,N/A - From RDC,Truck,31-Mar-15,26-Mar-15,ARV,Adult,SCMS from RDC,SKU0029,"Tenofovir Disoproxil Fumarate 300mg, tablets, 30 Tabs",Generic,30,1764,6262.2,3.55,0.12,Mylan (formerly Matrix) Nashik,110,707.7,6.44
85570,Nigeria,PMO - US,From RDC,N/A - From RDC,Air Charter,28-Feb-15,10-Mar-15,ARV,Adult,SCMS from RDC,SKU0113,"Efavirenz/Lamivudine/Tenofovir Disoproxil Fumarate 600/300/300mg, tablets, 30 Tabs",Generic,30,128500,1233600,9.6,0.32,Mylan (formerly Matrix) Nashik,See DN-4172 (ID#:82785),See DN-4172 (ID#:82785),1268.14
85572,Burundi,PMO - US,From RDC,N/A - From RDC,Air,29-May-15,25-Mar-15,ARV,Adult,SCMS from RDC,SKU0107,"Lamivudine/Tenofovir Disoproxil Fumarate 300/300mg, tablets, 30 Tabs",Generic,30,240,1101.6,4.59,0.15,Ranbaxy per Shasun Pharma,See DN-4178 (ID#:84460),See DN-4178 (ID#:84460),1.3
86138,Zambia,PMO - US,From RDC,N/A - From RDC,Truck,30-Sep-14,19-Sep-14,ARV,Adult,SCMS from RDC,SKU0007,"Nevirapine 200mg, tablets, 60 Tabs",Generic,60,319150,705321.5,2.21,0.04,Hetero Unit III Hyderabad IN,19661,21149.81,725.07
85573,Nigeria,PMO - US,From RDC,N/A - From RDC,Air Charter,15-Apr-15,18-Mar-15,ARV,Adult,SCMS from RDC,SKU0008,"Lopinavir/Ritonavir 200/50mg [Aluvia], tablets, 120 Tabs",Aluvia,120,41943,781817.52,18.64,0.16,ABBVIE Ludwigshafen Germany,10322,14266.13,803.71
85574,Nigeria,PMO - US,From RDC,N/A - From RDC,Air Charter,30-Apr-15,20-Mar-15,ARV,Adult,SCMS from RDC,SKU0054,"Lamivudine/Nevirapine/Zidovudine 150/200/300mg, tablets, 60 Tabs",Generic,60,156995,1212001.4,7.72,0.13,"Strides, Bangalore, India.",32219,50569.84,1245.94
85575,Nigeria,PMO - US,From RDC,N/A - From RDC,Air Charter,30-Apr-15,20-Mar-15,ARV,Adult,SCMS from RDC,SKU0054,"Lamivudine/Nevirapine/Zidovudine 150/200/300mg, tablets, 60 Tabs",Generic,60,91500,706380,7.72,0.13,"Cipla, Goa, India",See DN-4188 (ID#:85574),See DN-4188 (ID#:85574),726.16
85577,Swaziland,PMO - US,From RDC,N/A - From RDC,Truck,6-Apr-15,26-Mar-15,ARV,Adult,SCMS from RDC,SKU0113,"Efavirenz/Lamivudine/Tenofovir Disoproxil Fumarate 600/300/300mg, tablets, 30 Tabs",Generic,30,65000,649350,9.99,0.33,Mylan (formerly Matrix) Nashik,7403,4971.05,764.28
85578,"Congo, DRC",PMO - US,From RDC,N/A - From RDC,Air,1-Jul-15,13-Jul-15,ARV,Pediatric,SCMS from RDC,SKU0142,"Efavirenz 200mg, scored tablets, 90 Tabs",Generic,90,300,2790,9.3,0.1,"Strides, Bangalore, India.",266,4147.79,3.28
85579,Mozambique,PMO - US,From RDC,N/A - From RDC,Truck,15-May-15,15-May-15,ARV,Adult,SCMS from RDC,SKU0008,"Lopinavir/Ritonavir 200/50mg [Aluvia], tablets, 120 Tabs",Aluvia,120,30120,569268,18.9,0.16,ABBVIE Ludwigshafen Germany,6697,3995.94,585.21
85580,Rwanda,PMO - US,From RDC,N/A - From RDC,Truck,6-Apr-15,20-Apr-15,ARV,Pediatric,SCMS from RDC,SKU0071,"Abacavir 20mg/ml, oral solution, Bottle, 240 ml",Generic,240,2966,20257.78,6.83,0.03,"Aurobindo Unit III, India",1067,6310.4,23.84
85584,Burundi,PMO - US,From RDC,N/A - From RDC,Air,30-Jun-15,22-Apr-15,ARV,Pediatric,SCMS from RDC,SKU0124,"Lamivudine/Zidovudine 30/60mg, dispersible tablets, 60 Tabs",Generic,60,164,314.88,1.92,0.03,"Cipla, Goa, India",See DN-4210 (ID#:83906),See DN-4210 (ID#:83906),0.37
85585,Burundi,PMO - US,From RDC,N/A - From RDC,Air,30-Jun-15,22-Apr-15,ARV,Adult,SCMS from RDC,SKU0107,"Lamivudine/Tenofovir Disoproxil Fumarate 300/300mg, tablets, 30 Tabs",Generic,30,240,1101.6,4.59,0.15,Ranbaxy per Shasun Pharma,See DN-4210 (ID#:83906),See DN-4210 (ID#:83906),1.3
85586,Uganda,PMO - US,From RDC,N/A - From RDC,Truck,30-Apr-15,22-Apr-15,ARV,Adult,SCMS from RDC,SKU0113,"Efavirenz/Lamivudine/Tenofovir Disoproxil Fumarate 600/300/300mg, tablets, 30 Tabs",Generic,30,101900,978240,9.6,0.32,Mylan (formerly Matrix) Nashik,Weight Captured Separately,Freight Included in Commodity Cost,1151.39
85587,Uganda,PMO - US,From RDC,N/A - From RDC,Truck,15-Jun-15,14-May-15,ARV,Adult,SCMS from RDC,SKU0007,"Nevirapine 200mg, tablets, 60 Tabs",Generic,60,79258,172782.44,2.18,0.04,Hetero Unit III Hyderabad IN,See DN-4218 (ID#:83326),See DN-4218 (ID#:83326),203.36
85589,Nigeria,PMO - US,From RDC,N/A - From RDC,Air Charter,30-Jun-15,15-Apr-15,ARV,Adult,SCMS from RDC,SKU0113,"Efavirenz/Lamivudine/Tenofovir Disoproxil Fumarate 600/300/300mg, tablets, 30 Tabs",Generic,30,68072,653491.2,9.6,0.32,Hetero Unit III Hyderabad IN,8799,15880,671.79
85590,Mozambique,PMO - US,From RDC,N/A - From RDC,Truck,29-May-15,15-Jun-15,ARV,Adult,SCMS from RDC,SKU0029,"Tenofovir Disoproxil Fumarate 300mg, tablets, 30 Tabs",Generic,30,960,3408,3.55,0.12,Hetero Unit III Hyderabad IN,76,137.4,4.01
85591,Zimbabwe,PMO - US,From RDC,N/A - From RDC,Truck,30-Apr-15,30-Apr-15,ARV,Pediatric,SCMS from RDC,SKU0140,"Lamivudine/Nevirapine/Zidovudine 30/50/60mg, dispersible tablets, 60 Tabs",Generic,60,149944,539798.4,3.6,0.06,"Mylan,  H-12 & H-13, India",See DN-4243 (ID#:83907),See DN-4243 (ID#:83907),635.34
85592,Nigeria,PMO - US,From RDC,N/A - From RDC,Air Charter,30-Jun-15,15-Apr-15,ARV,Adult,SCMS from RDC,SKU0054,"Lamivudine/Nevirapine/Zidovudine 150/200/300mg, tablets, 60 Tabs",Generic,60,50000,386000,7.72,0.13,"Strides, Bangalore, India.",6201,12082,396.81
85593,Mozambique,PMO - US,From RDC,N/A - From RDC,Truck,30-Jun-15,9-Jun-15,ARV,Adult,SCMS from RDC,SKU0029,"Tenofovir Disoproxil Fumarate 300mg, tablets, 30 Tabs",Generic,30,600,2130,3.55,0.12,Hetero Unit III Hyderabad IN,See DN-4247 (ID#:84466),See DN-4247 (ID#:84466),2.51
85594,Côte d'Ivoire,PMO - US,From RDC,N/A - From RDC,Truck,19-Jun-15,8-Jun-15,ARV,Adult,SCMS from RDC,SKU0026,"Efavirenz 600mg, tablets, 30 Tabs",Generic,30,45204,141036.48,3.12,0.1,"Strides, Bangalore, India.",See DN-4255 (ID#:83911),See DN-4255 (ID#:83911),166
85638,Uganda,PMO - US,From RDC,N/A - From RDC,Air,30-Nov-09,2-Dec-09,ARV,Adult,SCMS from RDC,SKU0011,"Lamivudine/Zidovudine 150/300mg, tablets, 60 Tabs",Generic,60,3360,29433.6,8.76,0.15,"Aurobindo Unit III, India",See DN-1548 (ID#:85076),See DN-1548 (ID#:85076),57.69
85595,Côte d'Ivoire,PMO - US,From RDC,N/A - From RDC,Truck,19-Jun-15,8-Jun-15,ARV,Adult,SCMS from RDC,SKU0054,"Lamivudine/Nevirapine/Zidovudine 150/200/300mg, tablets, 60 Tabs",Generic,60,148037,1142845.64,7.72,0.13,"Strides, Bangalore, India.",See DN-4255 (ID#:83911),See DN-4255 (ID#:83911),1345.13
85596,Nigeria,PMO - US,From RDC,N/A - From RDC,Air Charter,30-Jun-15,28-Apr-15,ARV,Adult,SCMS from RDC,SKU0054,"Lamivudine/Nevirapine/Zidovudine 150/200/300mg, tablets, 60 Tabs",Generic,60,234519,1810486.68,7.72,0.13,"Cipla, Goa, India",51833,107573.94,1861.18
85599,Rwanda,PMO - US,From RDC,N/A - From RDC,Truck,30-Jun-15,17-Jun-15,ARV,Adult,SCMS from RDC,SKU0113,"Efavirenz/Lamivudine/Tenofovir Disoproxil Fumarate 600/300/300mg, tablets, 30 Tabs",Generic,30,294399,2826230.4,9.6,0.32,Mylan (formerly Matrix) Nashik,33500,Freight Included in Commodity Cost,3326.47
85600,Nigeria,PMO - US,From RDC,N/A - From RDC,Air Charter,30-Jun-15,2-Jun-15,ARV,Adult,SCMS from RDC,SKU0054,"Lamivudine/Nevirapine/Zidovudine 150/200/300mg, tablets, 60 Tabs",Generic,60,88995,687041.4,7.72,0.13,"Cipla, Goa, India",See DN-4290 (ID#:83340),See DN-4290 (ID#:83340),706.28
85601,South Sudan,PMO - US,From RDC,N/A - From RDC,Air,25-Jun-15,19-Jun-15,ARV,Pediatric,SCMS from RDC,SKU0140,"Lamivudine/Nevirapine/Zidovudine 30/50/60mg, dispersible tablets, 60 Tabs",Generic,60,4471,16095.6,3.6,0.06,"Strides, Bangalore, India.",See DN-4296 (ID#:83342),See DN-4296 (ID#:83342),18.94
85602,Rwanda,PMO - US,From RDC,N/A - From RDC,Air,18-Aug-15,6-Aug-15,ARV,Adult,SCMS from RDC,SKU0054,"Lamivudine/Nevirapine/Zidovudine 150/200/300mg, tablets, 60 Tabs",Generic,60,8998,72973.78,8.11,0.14,"Hetero, Jadcherla, unit 5, IN",See DN-4327 (ID#:83349),See DN-4327 (ID#:83349),85.89
85603,Rwanda,PMO - US,From RDC,N/A - From RDC,Air,30-Sep-15,3-Aug-15,ARV,Pediatric,SCMS from RDC,SKU0157,"Abacavir/Lamivudine 60/30mg, dispersible tablets, 60 Tabs",Generic,60,28622,145685.98,5.09,0.08,"Cipla, Patalganga, India",Weight Captured Separately,Invoiced Separately,171.47
85626,Nigeria,PMO - US,From RDC,N/A - From RDC,Air Charter,30-Jul-09,4-Aug-09,ARV,Adult,SCMS from RDC,SKU0007,"Nevirapine 200mg, tablets, 60 Tabs",Generic,60,253,733.7,2.9,0.05,"Aurobindo Unit III, India",See DN-1311 (ID#:82837),See DN-1311 (ID#:82837),1.44
85627,Mozambique,PMO - US,From RDC,N/A - From RDC,Air,30-Nov-09,30-Oct-09,ARV,Adult,SCMS from RDC,SKU0027,"Saquinavir 200mg [Invirase], capsules, 270 Caps",Invirase,270,168,13540.8,80.6,0.3,Roche Basel,85,1139.5,26.54
85628,Uganda,PMO - US,From RDC,N/A - From RDC,Air,8-Oct-09,8-Oct-09,ARV,Adult,SCMS from RDC,SKU0107,"Lamivudine/Tenofovir Disoproxil Fumarate 300/300mg, tablets, 30 Tabs",Generic,30,280,2800,10,0.33,Mylan (formerly Matrix) Nashik,See DN-1417 (ID#:82271),See DN-1417 (ID#:82271),5.49
85629,Uganda,PMO - US,From RDC,N/A - From RDC,Air,8-Oct-09,8-Oct-09,ARV,Adult,SCMS from RDC,SKU0026,"Efavirenz 600mg, tablets, 30 Tabs",Generic,30,200,1370,6.85,0.23,"Aurobindo Unit III, India",18,1140.08,2.69
85630,Nigeria,PMO - US,From RDC,N/A - From RDC,Air Charter,15-Oct-09,20-Oct-09,ARV,Adult,SCMS from RDC,SKU0105,"Emtricitabine/Tenofovir Disoproxil Fumarate 200/300mg, tablets, 30 Tabs",Generic,30,600,7050,11.75,0.39,Mylan (formerly Matrix) Nashik,See DN-1456 (ID#:83952),See DN-1456 (ID#:83952),13.82
85631,Haiti,PMO - US,From RDC,N/A - From RDC,Air,18-Nov-09,9-Oct-09,ARV,Adult,SCMS from RDC,SKU0003,"Lamivudine 150mg, tablets, 60 Tabs",Generic,60,2305,5624.2,2.44,0.04,"Aurobindo Unit III, India",126,1350.33,11.02
85632,Côte d'Ivoire,PMO - US,From RDC,N/A - From RDC,Air,30-Oct-09,20-Oct-09,ARV,Pediatric,SCMS from RDC,SKU0048,"Lamivudine 10mg/ml, oral solution, Bottle, 240 ml",Generic,240,819,1556.1,1.9,0.01,"Aurobindo Unit III, India",284,1668.76,3.05
85633,Uganda,PMO - US,From RDC,N/A - From RDC,Air,3-Dec-09,30-Nov-09,ARV,Adult,SCMS from RDC,SKU0011,"Lamivudine/Zidovudine 150/300mg, tablets, 60 Tabs",Generic,60,16577,145214.52,8.76,0.15,Mylan (formerly Matrix) Nashik,See DN-1522 (ID#:82845),See DN-1522 (ID#:82845),284.62
85634,Haiti,PMO - US,From RDC,N/A - From RDC,Air,30-Nov-09,30-Nov-09,ARV,Pediatric,SCMS from RDC,SKU0076,"Stavudine 1mg/ml, powder for oral solution, 200 ml",Generic,200,100,140,1.4,0.01,"Aurobindo Unit III, India",See DN-1530 (ID#:83964),See DN-1530 (ID#:83964),0.3
85635,Haiti,PMO - US,From RDC,N/A - From RDC,Air,30-Nov-09,30-Nov-09,ARV,Pediatric,SCMS from RDC,SKU0066,"Efavirenz 200mg, capsule, 90 Caps",Generic,90,735,8908.2,12.12,0.13,"Aurobindo Unit III, India",See DN-1530 (ID#:83964),See DN-1530 (ID#:83964),19.21
85636,Haiti,PMO - US,From RDC,N/A - From RDC,Air,2-Dec-09,30-Nov-09,ARV,Pediatric,SCMS from RDC,SKU0065,"Zidovudine 100mg, capsules, 100 Caps",Generic,100,588,2940,5,0.05,"Aurobindo Unit III, India",See DN-1531 (ID#:83965),See DN-1531 (ID#:83965),6.34
85639,Uganda,PMO - US,From RDC,N/A - From RDC,Air,30-Nov-09,2-Dec-09,ARV,Adult,SCMS from RDC,SKU0007,"Nevirapine 200mg, tablets, 60 Tabs",Generic,60,2000,5800,2.9,0.05,"Aurobindo Unit III, India",See DN-1548 (ID#:85076),See DN-1548 (ID#:85076),11.37
85640,Zimbabwe,PMO - US,From RDC,N/A - From RDC,Truck,18-Dec-09,7-Dec-09,ARV,Adult,SCMS from RDC,SKU0026,"Efavirenz 600mg, tablets, 30 Tabs",Generic,30,4000,23120,5.78,0.19,"Aurobindo Unit III, India",See DN-1554 (ID#:84514),See DN-1554 (ID#:84514),45.32
85641,Zambia,PMO - US,From RDC,N/A - From RDC,Truck,15-Jan-10,26-Nov-09,ARV,Adult,SCMS from RDC,SKU0026,"Efavirenz 600mg, tablets, 30 Tabs",Generic,30,6714,38806.92,5.78,0.19,"Aurobindo Unit III, India",574,5837.94,76.06
85642,Côte d'Ivoire,PMO - US,From RDC,N/A - From RDC,Air,14-Dec-09,11-Dec-09,ARV,Adult,SCMS from RDC,SKU0044,"Lamivudine/Nevirapine/Stavudine 150/200/30mg, tablets, 60 Tabs",Generic,60,9024,60099.84,6.66,0.11,"Cipla, Goa, India",976,12369.8,117.8
85643,Uganda,PMO - US,From RDC,N/A - From RDC,Air,15-Jan-10,22-Jan-10,ARV,Adult,SCMS from RDC,SKU0054,"Lamivudine/Nevirapine/Zidovudine 150/200/300mg, tablets, 60 Tabs",Generic,60,5500,61710,11.22,0.19,Mylan (formerly Matrix) Nashik,708,2524,120.95
85644,Côte d'Ivoire,PMO - US,From RDC,N/A - From RDC,Air,17-Dec-09,14-Dec-09,ARV,Adult,SCMS from RDC,SKU0044,"Lamivudine/Nevirapine/Stavudine 150/200/30mg, tablets, 60 Tabs",Generic,60,9024,60099.84,6.66,0.11,"Strides, Bangalore, India.",680,2698.22,117.8
85645,Mozambique,PMO - US,From RDC,N/A - From RDC,Air,19-Jan-10,26-Jan-10,ARV,Adult,SCMS from RDC,SKU0014,"Zidovudine 300mg, tablets, 60 Tabs",Generic,60,6552,50515.92,7.71,0.13,"Aurobindo Unit III, India",See DN-1580 (ID#:82281),See DN-1580 (ID#:82281),99.01
85646,Haiti,PMO - US,From RDC,N/A - From RDC,Air,22-Dec-09,16-Dec-09,ARV,Pediatric,SCMS from RDC,SKU0048,"Lamivudine 10mg/ml, oral solution, Bottle, 240 ml",Generic,240,4077,7746.3,1.9,0.01,"Aurobindo Unit III, India",1404,8329.13,16.7
85647,Haiti,PMO - US,From RDC,N/A - From RDC,Air Charter,25-Dec-09,17-Dec-09,ARV,Pediatric,SCMS from RDC,SKU0076,"Stavudine 1mg/ml, powder for oral solution, 200 ml",Generic,200,250,350,1.4,0.01,"Aurobindo Unit III, India",See DN-1590 (ID#:83388),See DN-1590 (ID#:83388),0.75
85648,Uganda,PMO - US,From RDC,N/A - From RDC,Air,25-Feb-10,15-Jan-10,ARV,Adult,SCMS from RDC,SKU0003,"Lamivudine 150mg, tablets, 60 Tabs",Generic,60,6985,17043.4,2.44,0.04,"Aurobindo Unit III, India",336,2528.69,33.41
85649,Uganda,PMO - US,From RDC,N/A - From RDC,Air,3-Feb-10,3-Feb-10,ARV,Adult,SCMS from RDC,SKU0054,"Lamivudine/Nevirapine/Zidovudine 150/200/300mg, tablets, 60 Tabs",Generic,60,31000,351850,11.35,0.19,Mylan (formerly Matrix) Nashik,3941,42656.07,689.63
85650,Mozambique,PMO - US,From RDC,N/A - From RDC,Air,14-Apr-10,14-Apr-10,ARV,Adult,SCMS from RDC,SKU0054,"Lamivudine/Nevirapine/Zidovudine 150/200/300mg, tablets, 60 Tabs",Generic,60,69685,781865.7,11.22,0.19,Mylan (formerly Matrix) Nashik,See DN-1628 (ID#:82291),See DN-1628 (ID#:82291),1532.46
85651,Uganda,PMO - US,From RDC,N/A - From RDC,Truck,19-Mar-10,29-Jan-10,ARV,Adult,SCMS from RDC,SKU0007,"Nevirapine 200mg, tablets, 60 Tabs",Generic,60,5184,15033.6,2.9,0.05,"Aurobindo Unit III, India",507,1576.8,29.47
85652,Côte d'Ivoire,PMO - US,From RDC,N/A - From RDC,Air,6-Apr-10,15-Feb-10,ARV,Adult,SCMS from RDC,SKU0162,"Abacavir/Lamivudine 600/300mg, scored tablets, 30 Tabs",Generic,30,1276,29348,23,0.77,"Aurobindo Unit III, India",117,1083.3,57.52
85653,Zambia,PMO - US,From RDC,N/A - From RDC,Truck,15-Mar-10,5-Mar-10,ARV,Adult,SCMS from RDC,SKU0044,"Lamivudine/Nevirapine/Stavudine 150/200/30mg, tablets, 60 Tabs",Generic,60,49760,321947.2,6.47,0.11,"Cipla, Goa, India",See DN-1643 (ID#:82293),See DN-1643 (ID#:82293),631.02
85670,Nigeria,PMO - US,From RDC,N/A - From RDC,Air Charter,31-May-10,18-May-10,ARV,Adult,SCMS from RDC,SKU0026,"Efavirenz 600mg, tablets, 30 Tabs",Generic,30,7500,35625,4.75,0.16,"Aurobindo Unit III, India",662,9736.1,76.81
85654,Uganda,PMO - US,From RDC,N/A - From RDC,Air,18-Mar-10,17-Mar-10,ARV,Adult,SCMS from RDC,SKU0011,"Lamivudine/Zidovudine 150/300mg, tablets, 60 Tabs",Generic,60,3000,26280,8.76,0.15,Mylan (formerly Matrix) Nashik,See DN-1654 (ID#:82295),See DN-1654 (ID#:82295),56.66
85655,Côte d'Ivoire,PMO - US,From RDC,N/A - From RDC,Air,6-Apr-10,1-Mar-10,ARV,Pediatric,SCMS from RDC,SKU0005,"Zidovudine 10mg/ml, oral solution, Bottle, 240 ml",Generic,240,7107,14924.7,2.1,0.01,"Aurobindo Unit III, India",2633,3688.33,29.25
85656,Zimbabwe,PMO - US,From RDC,N/A - From RDC,Truck,31-Mar-10,12-Mar-10,ARV,Adult,SCMS from RDC,SKU0026,"Efavirenz 600mg, tablets, 30 Tabs",Generic,30,4000,20520,5.13,0.17,"Aurobindo Unit III, India",See DN-1657 (ID#:83980),See DN-1657 (ID#:83980),40.22
85657,Haiti,PMO - US,From RDC,N/A - From RDC,Air,7-Apr-10,3-Mar-10,ARV,Adult,SCMS from RDC,SKU0014,"Zidovudine 300mg, tablets, 60 Tabs",Generic,60,1680,12650.4,7.53,0.13,Mylan (formerly Matrix) Nashik,See DN-1668 (ID#:83403),See DN-1668 (ID#:83403),27.27
85658,Haiti,PMO - US,From RDC,N/A - From RDC,Air,2-Mar-10,3-Mar-10,ARV,Adult,SCMS from RDC,SKU0094,"Indinavir 400mg [Crixivan], capsules, 180 Caps",Crixivan,180,450,22500,50,0.28,"MSD, Haarlem, NL",101,6036.98,48.51
85659,Côte d'Ivoire,PMO - US,From RDC,N/A - From RDC,Air,9-Mar-10,10-Mar-10,ARV,Pediatric,SCMS from RDC,SKU0048,"Lamivudine 10mg/ml, oral solution, Bottle, 240 ml",Generic,240,4340,8246,1.9,0.01,"Cipla, Goa, India",See DN-1671 (ID#:82863),See DN-1671 (ID#:82863),16.16
85660,Haiti,PMO - US,From RDC,N/A - From RDC,Air,15-Mar-10,15-Mar-10,ARV,Pediatric,SCMS from RDC,SKU0049,"Efavirenz 50mg, capsule, 30 Caps",Generic,30,68,152.32,2.24,0.07,"Aurobindo Unit III, India",See DN-1673 (ID#:83983),See DN-1673 (ID#:83983),0.33
85661,Nigeria,PMO - US,From RDC,N/A - From RDC,Air Charter,19-Apr-10,31-Mar-10,ARV,Adult,SCMS from RDC,SKU0105,"Emtricitabine/Tenofovir Disoproxil Fumarate 200/300mg, tablets, 30 Tabs",Generic,30,5000,58750,11.75,0.39,Mylan (formerly Matrix) Nashik,404,Freight Included in Commodity Cost,126.66
85662,Nigeria,PMO - US,From RDC,N/A - From RDC,Air Charter,19-Apr-10,31-Mar-10,ARV,Adult,SCMS from RDC,SKU0007,"Nevirapine 200mg, tablets, 60 Tabs",Generic,60,820,2238.6,2.73,0.05,"Aurobindo Unit III, India",79,Freight Included in Commodity Cost,4.83
85663,Nigeria,PMO - US,From RDC,N/A - From RDC,Air Charter,19-Apr-10,31-Mar-10,ARV,Adult,SCMS from RDC,SKU0026,"Efavirenz 600mg, tablets, 30 Tabs",Generic,30,4882,25044.66,5.13,0.17,"Aurobindo Unit III, India",420,Freight Included in Commodity Cost,54
85664,Nigeria,PMO - US,From RDC,N/A - From RDC,Air Charter,19-Apr-10,31-Mar-10,ARV,Adult,SCMS from RDC,SKU0026,"Efavirenz 600mg, tablets, 30 Tabs",Generic,30,751,3852.63,5.13,0.17,"Aurobindo Unit III, India",65,Freight Included in Commodity Cost,8.31
85665,Nigeria,PMO - US,From RDC,N/A - From RDC,Air Charter,19-Apr-10,31-Mar-10,ARV,Adult,SCMS from RDC,SKU0054,"Lamivudine/Nevirapine/Zidovudine 150/200/300mg, tablets, 60 Tabs",Generic,60,24615,276180.3,11.22,0.19,"Aurobindo Unit III, India",2888,Freight Included in Commodity Cost,595.44
85666,Nigeria,PMO - US,From RDC,N/A - From RDC,Air Charter,19-Apr-10,31-Mar-10,ARV,Adult,SCMS from RDC,SKU0054,"Lamivudine/Nevirapine/Zidovudine 150/200/300mg, tablets, 60 Tabs",Generic,60,140000,1570800,11.22,0.19,"Aurobindo Unit III, India",16424,Freight Included in Commodity Cost,3386.64
85667,Nigeria,PMO - US,From RDC,N/A - From RDC,Air Charter,19-Apr-10,31-Mar-10,ARV,Adult,SCMS from RDC,SKU0105,"Emtricitabine/Tenofovir Disoproxil Fumarate 200/300mg, tablets, 30 Tabs",Generic,30,31000,364250,11.75,0.39,Mylan (formerly Matrix) Nashik,2501,Freight Included in Commodity Cost,785.32
85668,Nigeria,PMO - US,From RDC,N/A - From RDC,Air Charter,19-Apr-10,31-Mar-10,ARV,Adult,SCMS from RDC,SKU0007,"Nevirapine 200mg, tablets, 60 Tabs",Generic,60,19701,53783.73,2.73,0.05,Hetero Unit III Hyderabad IN,1150,Freight Included in Commodity Cost,115.96
85669,Uganda,PMO - US,From RDC,N/A - From RDC,Air,4-Jun-10,15-Apr-10,ARV,Adult,SCMS from RDC,SKU0105,"Emtricitabine/Tenofovir Disoproxil Fumarate 200/300mg, tablets, 30 Tabs",Generic,30,1300,15275,11.75,0.39,Mylan (formerly Matrix) Nashik,105,2393.54,32.93
85671,Nigeria,PMO - US,From RDC,N/A - From RDC,Air Charter,31-May-10,18-May-10,ARV,Adult,SCMS from RDC,SKU0011,"Lamivudine/Zidovudine 150/300mg, tablets, 60 Tabs",Generic,60,20579,180272.04,8.76,0.15,Hetero Unit III Hyderabad IN,1773,9736.1,388.67
85672,Zimbabwe,PMO - US,From RDC,N/A - From RDC,Truck,31-May-10,31-May-10,ARV,Adult,SCMS from RDC,SKU0026,"Efavirenz 600mg, tablets, 30 Tabs",Generic,30,5900,28025,4.75,0.16,"Aurobindo Unit III, India",See DN-1829 (ID#:82320),See DN-1829 (ID#:82320),60.42
85673,Haiti,PMO - US,From RDC,N/A - From RDC,Air,19-May-10,19-May-10,ARV,Adult,SCMS from RDC,SKU0026,"Efavirenz 600mg, tablets, 30 Tabs",Generic,30,6576,31236,4.75,0.16,"Strides, Bangalore, India.",See DN-1833 (ID#:84565),See DN-1833 (ID#:84565),67.34
85674,Haiti,PMO - US,From RDC,N/A - From RDC,Air,2-Jun-10,9-Jun-10,ARV,Pediatric,SCMS from RDC,SKU0071,"Abacavir 20mg/ml, oral solution, Bottle, 240 ml",Generic,240,256,3481.6,13.6,0.06,"Aurobindo Unit III, India",See DN-1842 (ID#:84007),See DN-1842 (ID#:84007),7.51
85675,Haiti,PMO - US,From RDC,N/A - From RDC,Air,2-Jun-10,9-Jun-10,ARV,Pediatric,SCMS from RDC,SKU0066,"Efavirenz 200mg, capsule, 90 Caps",Generic,90,168,1631.28,9.71,0.11,"Aurobindo Unit III, India",See DN-1842 (ID#:84007),See DN-1842 (ID#:84007),3.52
85749,Côte d'Ivoire,PMO - US,From RDC,N/A - From RDC,Air,20-Apr-11,10-Jun-11,ARV,Adult,SCMS from RDC,SKU0058,"Abacavir 300mg, tablets, 60 Tabs",Generic,60,3564,55242,15.5,0.26,Mylan (formerly Matrix) Nashik,See DN-2153 (ID#:82374),See DN-2153 (ID#:82374),91.15
85676,Uganda,PMO - US,From RDC,N/A - From RDC,Air,30-Jun-10,22-Jun-10,ARV,Adult,SCMS from RDC,SKU0105,"Emtricitabine/Tenofovir Disoproxil Fumarate 200/300mg, tablets, 30 Tabs",Generic,30,6000,70500,11.75,0.39,Mylan (formerly Matrix) Nashik,493,7879.03,152
85677,Nigeria,PMO - US,From RDC,N/A - From RDC,Air Charter,30-Jun-10,28-Jun-10,ARV,Adult,SCMS from RDC,SKU0054,"Lamivudine/Nevirapine/Zidovudine 150/200/300mg, tablets, 60 Tabs",Generic,60,34826,390747.72,11.22,0.19,"Aurobindo Unit III, India",4099,Freight Included in Commodity Cost,842.45
85678,Côte d'Ivoire,PMO - US,From RDC,N/A - From RDC,Air,9-Jul-10,5-Jul-10,ARV,Pediatric,SCMS from RDC,SKU0071,"Abacavir 20mg/ml, oral solution, Bottle, 240 ml",Generic,240,448,6092.8,13.6,0.06,"Aurobindo Unit III, India",See DN-1878 (ID#:84572),See DN-1878 (ID#:84572),13.14
85679,Côte d'Ivoire,PMO - US,From RDC,N/A - From RDC,Air,9-Jul-10,5-Jul-10,ARV,Pediatric,SCMS from RDC,SKU0092,"Didanosine 200mg, chewable/dispersible tablets, 60 Tabs",Generic,60,2788,43214,15.5,0.26,"Aurobindo Unit III, India",588,5121.68,93.17
85680,Tanzania,PMO - US,From RDC,N/A - From RDC,Air,21-Jul-10,8-Jul-10,ARV,Adult,SCMS from RDC,SKU0007,"Nevirapine 200mg, tablets, 60 Tabs",Generic,60,20124,54938.52,2.73,0.05,"Cipla, Goa, India",2262,10536.12,118.45
85681,Nigeria,PMO - US,From RDC,N/A - From RDC,Air,15-Jul-10,28-Jun-10,ARV,Adult,SCMS from RDC,SKU0007,"Nevirapine 200mg, tablets, 60 Tabs",Generic,60,1000,2730,2.73,0.05,"Strides, Bangalore, India.",69,Freight Included in Commodity Cost,5.89
85682,Nigeria,PMO - US,From RDC,N/A - From RDC,Air,15-Jul-10,28-Jun-10,ARV,Adult,SCMS from RDC,SKU0026,"Efavirenz 600mg, tablets, 30 Tabs",Generic,30,44295,203757,4.6,0.15,"Strides, Bangalore, India.",3045,Freight Included in Commodity Cost,439.3
85683,Nigeria,PMO - US,From RDC,N/A - From RDC,Air,21-Jul-10,28-Jun-10,ARV,Adult,SCMS from RDC,SKU0107,"Lamivudine/Tenofovir Disoproxil Fumarate 300/300mg, tablets, 30 Tabs",Generic,30,75159,751590,10,0.33,Mylan (formerly Matrix) Nashik,6773,Freight Included in Commodity Cost,1620.43
85684,Nigeria,PMO - US,From RDC,N/A - From RDC,Air,15-Jul-10,28-Jun-10,ARV,Adult,SCMS from RDC,SKU0004,"Stavudine 30mg, capsules, 60 Caps",Generic,60,2250,3285,1.46,0.02,"Aurobindo Unit III, India",763,Freight Included in Commodity Cost,7.08
85685,Nigeria,PMO - US,From RDC,N/A - From RDC,Air,15-Jul-10,28-Jun-10,ARV,Adult,SCMS from RDC,SKU0003,"Lamivudine 150mg, tablets, 60 Tabs",Generic,60,6000,14640,2.44,0.04,"Aurobindo Unit III, India",285,Freight Included in Commodity Cost,31.56
85686,Nigeria,PMO - US,From RDC,N/A - From RDC,Air,15-Jul-10,28-Jun-10,ARV,Pediatric,SCMS from RDC,SKU0066,"Efavirenz 200mg, capsule, 90 Caps",Generic,90,500,4855,9.71,0.11,"Aurobindo Unit III, India",60,Freight Included in Commodity Cost,10.47
85703,Côte d'Ivoire,PMO - US,From RDC,N/A - From RDC,Air,21-Sep-10,6-Sep-10,ARV,Adult,SCMS from RDC,SKU0011,"Lamivudine/Zidovudine 150/300mg, tablets, 60 Tabs",Generic,60,40752,348429.6,8.55,0.14,Hetero Unit III Hyderabad IN,3506,8815.65,751.21
85687,Nigeria,PMO - US,From RDC,N/A - From RDC,Air,15-Jul-10,28-Jun-10,ARV,Adult,SCMS from RDC,SKU0170,"Lamivudine/Zidovudine+Efavirenz 150/300mg+600mg, tablets, co-blister 60+30 Tabs",Generic,90,213,4473,21,0.23,"Strides, Bangalore, India.",Weight Captured Separately,Freight Included in Commodity Cost,9.64
85688,Nigeria,PMO - US,From RDC,N/A - From RDC,Air,15-Jul-10,28-Jun-10,ARV,Adult,SCMS from RDC,SKU0105,"Emtricitabine/Tenofovir Disoproxil Fumarate 200/300mg, tablets, 30 Tabs",Generic,30,55797,655614.75,11.75,0.39,Mylan (formerly Matrix) Nashik,4665,Freight Included in Commodity Cost,1413.51
85689,Nigeria,PMO - US,From RDC,N/A - From RDC,Air,15-Jul-10,28-Jun-10,ARV,Adult,SCMS from RDC,SKU0132,"Efavirenz/Emtricitabine/Tenofovir Disoproxil Fumarate 600/200/300mg, tablets, 30 Tabs",Generic,30,35000,697200,19.92,0.66,Mylan (formerly Matrix) Nashik,3869,Freight Included in Commodity Cost,1503.16
85690,Nigeria,PMO - US,From RDC,N/A - From RDC,Air,15-Jul-10,28-Jun-10,ARV,Adult,SCMS from RDC,SKU0132,"Efavirenz/Emtricitabine/Tenofovir Disoproxil Fumarate 600/200/300mg, tablets, 30 Tabs",Generic,30,1000,19920,19.92,0.66,Mylan (formerly Matrix) Nashik,91,Freight Included in Commodity Cost,42.95
85691,Nigeria,PMO - US,From RDC,N/A - From RDC,Air,15-Jul-10,28-Jun-10,ARV,Adult,SCMS from RDC,SKU0011,"Lamivudine/Zidovudine 150/300mg, tablets, 60 Tabs",Generic,60,33000,289080,8.76,0.15,Mylan (formerly Matrix) Nashik,2654,Freight Included in Commodity Cost,623.26
85692,Nigeria,PMO - US,From RDC,N/A - From RDC,Air,15-Jul-10,28-Jun-10,ARV,Adult,SCMS from RDC,SKU0011,"Lamivudine/Zidovudine 150/300mg, tablets, 60 Tabs",Generic,60,2000,17520,8.76,0.15,Mylan (formerly Matrix) Nashik,161,Freight Included in Commodity Cost,37.77
85693,Uganda,PMO - US,From RDC,N/A - From RDC,Air,4-Aug-10,2-Aug-10,ARV,Adult,SCMS from RDC,SKU0011,"Lamivudine/Zidovudine 150/300mg, tablets, 60 Tabs",Generic,60,3000,26280,8.76,0.15,"Aurobindo Unit III, India",See DN-1949 (ID#:83444),See DN-1949 (ID#:83444),56.66
85694,Nigeria,PMO - US,From RDC,N/A - From RDC,Air Charter,16-Aug-10,17-Aug-10,ARV,Adult,SCMS from RDC,SKU0054,"Lamivudine/Nevirapine/Zidovudine 150/200/300mg, tablets, 60 Tabs",Generic,60,55070,617885.4,11.22,0.19,"Aurobindo Unit III, India",7253,6147.18,1332.16
85695,Haiti,PMO - US,From RDC,N/A - From RDC,Air,10-Aug-10,23-Aug-10,ARV,Pediatric,SCMS from RDC,SKU0048,"Lamivudine 10mg/ml, oral solution, Bottle, 240 ml",Generic,240,3584,6917.12,1.93,0.01,"Cipla, Goa, India",See DN-1964 (ID#:82908),See DN-1964 (ID#:82908),14.91
85696,Nigeria,PMO - US,From RDC,N/A - From RDC,Air,31-Aug-10,17-Aug-10,ARV,Adult,SCMS from RDC,SKU0054,"Lamivudine/Nevirapine/Zidovudine 150/200/300mg, tablets, 60 Tabs",Generic,60,10000,112200,11.22,0.19,"Aurobindo Unit III, India",1250,6147.18,241.9
85697,Nigeria,PMO - US,From RDC,N/A - From RDC,Air Charter,31-Aug-10,17-Aug-10,ARV,Adult,SCMS from RDC,SKU0054,"Lamivudine/Nevirapine/Zidovudine 150/200/300mg, tablets, 60 Tabs",Generic,60,80000,897600,11.22,0.19,"Aurobindo Unit III, India",10519,6147.18,1935.23
85698,Nigeria,PMO - US,From RDC,N/A - From RDC,Air Charter,31-Aug-10,17-Aug-10,ARV,Adult,SCMS from RDC,SKU0054,"Lamivudine/Nevirapine/Zidovudine 150/200/300mg, tablets, 60 Tabs",Generic,60,15000,168300,11.22,0.19,"Aurobindo Unit III, India",1972,6147.18,362.85
85699,Nigeria,PMO - US,From RDC,N/A - From RDC,Air Charter,31-Aug-10,17-Aug-10,ARV,Adult,SCMS from RDC,SKU0058,"Abacavir 300mg, tablets, 60 Tabs",Generic,60,2300,37812,16.44,0.27,"Aurobindo Unit III, India",336,6147.18,81.52
85700,Côte d'Ivoire,PMO - US,From RDC,N/A - From RDC,Air,23-Aug-10,23-Aug-10,ARV,Adult,SCMS from RDC,SKU0162,"Abacavir/Lamivudine 600/300mg, scored tablets, 30 Tabs",Generic,30,1500,33750,22.5,0.75,Mylan (formerly Matrix) Nashik,See DN-1982 (ID#:82910),See DN-1982 (ID#:82910),72.76
85702,Uganda,PMO - US,From RDC,N/A - From RDC,Air,30-Sep-10,23-Aug-10,ARV,Adult,SCMS from RDC,SKU0011,"Lamivudine/Zidovudine 150/300mg, tablets, 60 Tabs",Generic,60,2999,25641.45,8.55,0.14,Hetero Unit III Hyderabad IN,See DN-1998 (ID#:84589),See DN-1998 (ID#:84589),55.28
85704,Zambia,PMO - US,From RDC,N/A - From RDC,Air,22-Sep-10,1-Sep-10,ARV,Adult,SCMS from RDC,SKU0011,"Lamivudine/Zidovudine 150/300mg, tablets, 60 Tabs",Generic,60,112227,959540.85,8.55,0.14,Hetero Unit III Hyderabad IN,See DN-2003 (ID#:85146),See DN-2003 (ID#:85146),2068.77
85705,Ethiopia,PMO - US,From RDC,N/A - From RDC,Air,15-Sep-10,13-Sep-10,ARV,Adult,SCMS from RDC,SKU0003,"Lamivudine 150mg, tablets, 60 Tabs",Generic,60,1800,4194,2.33,0.04,"Aurobindo Unit III, India",74,530.36,9.04
85706,Côte d'Ivoire,PMO - US,From RDC,N/A - From RDC,Air,30-Sep-10,25-Sep-10,ARV,Pediatric,SCMS from RDC,SKU0071,"Abacavir 20mg/ml, oral solution, Bottle, 240 ml",Generic,240,116,1577.6,13.6,0.06,"Aurobindo Unit III, India",See DN-2011 (ID#:82350),See DN-2011 (ID#:82350),3.4
85707,Côte d'Ivoire,PMO - US,From RDC,N/A - From RDC,Truck,30-Sep-10,25-Sep-10,ARV,Adult,SCMS from RDC,SKU0104,"Lamivudine/Stavudine 150/30mg, tablets, 60 Tabs",Generic,60,2376,7793.28,3.28,0.05,Mylan (formerly Matrix) Nashik,189,8953.21,16.8
85708,Mozambique,PMO - US,From RDC,N/A - From RDC,Truck,15-Oct-10,29-Oct-10,ARV,Adult,SCMS from RDC,SKU0054,"Lamivudine/Nevirapine/Zidovudine 150/200/300mg, tablets, 60 Tabs",Generic,60,48551,544742.22,11.22,0.19,Mylan (formerly Matrix) Nashik,15664,11884.42,1174.46
85709,Zimbabwe,PMO - US,From RDC,N/A - From RDC,Truck,30-Sep-10,4-Oct-10,ARV,Adult,SCMS from RDC,SKU0026,"Efavirenz 600mg, tablets, 30 Tabs",Generic,30,5900,25606,4.34,0.14,"Aurobindo Unit III, India",See DN-2019 (ID#:82919),See DN-2019 (ID#:82919),55.21
85710,Haiti,PMO - US,From RDC,N/A - From RDC,Air,20-Oct-10,21-Oct-10,ARV,Adult,SCMS from RDC,SKU0004,"Stavudine 30mg, capsules, 60 Caps",Generic,60,14448,20371.68,1.41,0.02,"Strides, Bangalore, India.",See DN-2021 (ID#:82353),See DN-2021 (ID#:82353),43.92
85711,Nigeria,PMO - US,From RDC,N/A - From RDC,Air,22-Oct-10,10-Nov-10,ARV,Adult,SCMS from RDC,SKU0132,"Efavirenz/Emtricitabine/Tenofovir Disoproxil Fumarate 600/200/300mg, tablets, 30 Tabs",Generic,30,33162,660587.04,19.92,0.66,Mylan (formerly Matrix) Nashik,See DN-2025 (ID#:83460),See DN-2025 (ID#:83460),1424.23
85712,Uganda,PMO - US,From RDC,N/A - From RDC,Truck,29-Oct-10,15-Oct-10,ARV,Adult,SCMS from RDC,SKU0054,"Lamivudine/Nevirapine/Zidovudine 150/200/300mg, tablets, 60 Tabs",Generic,60,30000,336600,11.22,0.19,"Aurobindo Unit III, India",4050,15759.47,725.71
85713,Zambia,PMO - US,From RDC,N/A - From RDC,Truck,4-Nov-10,8-Nov-10,ARV,Adult,SCMS from RDC,SKU0044,"Lamivudine/Nevirapine/Stavudine 150/200/30mg, tablets, 60 Tabs",Generic,60,69247,376011.21,5.43,0.09,"Cipla, Goa, India",See DN-2032 (ID#:82921),See DN-2032 (ID#:82921),810.68
85714,Tanzania,PMO - US,From RDC,N/A - From RDC,Truck,30-Nov-10,3-Dec-10,ARV,Adult,SCMS from RDC,SKU0007,"Nevirapine 200mg, tablets, 60 Tabs",Generic,60,110000,283800,2.58,0.04,"Aurobindo Unit III, India",12543,1979.75,611.87
85715,Côte d'Ivoire,PMO - US,From RDC,N/A - From RDC,Truck,30-Nov-10,26-Nov-10,ARV,Pediatric,SCMS from RDC,SKU0071,"Abacavir 20mg/ml, oral solution, Bottle, 240 ml",Generic,240,412,5603.2,13.6,0.06,"Aurobindo Unit III, India",See DN-2035 (ID#:82356),See DN-2035 (ID#:82356),12.08
85716,Côte d'Ivoire,PMO - US,From RDC,N/A - From RDC,Truck,28-Oct-10,23-Nov-10,ARV,Adult,SCMS from RDC,SKU0058,"Abacavir 300mg, tablets, 60 Tabs",Generic,60,5070,80562.3,15.89,0.26,Mylan (formerly Matrix) Nashik,See DN-2033 (ID#:82922),See DN-2033 (ID#:82922),173.69
85717,Côte d'Ivoire,PMO - US,From RDC,N/A - From RDC,Truck,28-Oct-10,23-Nov-10,ARV,Pediatric,SCMS from RDC,SKU0049,"Efavirenz 50mg, capsule, 30 Caps",Generic,30,1764,3951.36,2.24,0.07,"Aurobindo Unit III, India",See DN-2033 (ID#:82922),See DN-2033 (ID#:82922),8.52
85718,Côte d'Ivoire,PMO - US,From RDC,N/A - From RDC,Truck,28-Oct-10,23-Nov-10,ARV,Adult,SCMS from RDC,SKU0026,"Efavirenz 600mg, tablets, 30 Tabs",Generic,30,69384,313615.68,4.52,0.15,Mylan (formerly Matrix) Nashik,See DN-2033 (ID#:82922),See DN-2033 (ID#:82922),676.16
85719,Zimbabwe,PMO - US,From RDC,N/A - From RDC,Truck,30-Nov-10,25-Nov-10,ARV,Adult,SCMS from RDC,SKU0104,"Lamivudine/Stavudine 150/30mg, tablets, 60 Tabs",Generic,60,5900,18880,3.2,0.05,"Cipla, Goa, India",See DN-2041 (ID#:83461),See DN-2041 (ID#:83461),40.71
85720,Nigeria,PMO - US,From RDC,N/A - From RDC,Air Charter,16-Nov-10,10-Nov-10,ARV,Adult,SCMS from RDC,SKU0007,"Nevirapine 200mg, tablets, 60 Tabs",Generic,60,350,903,2.58,0.04,"Aurobindo Unit III, India",40,20264.93,1.95
85721,Uganda,PMO - US,From RDC,N/A - From RDC,Air,26-Nov-10,23-Nov-10,ARV,Adult,SCMS from RDC,SKU0054,"Lamivudine/Nevirapine/Zidovudine 150/200/300mg, tablets, 60 Tabs",Generic,60,115745,1298658.9,11.22,0.19,Mylan (formerly Matrix) Nashik,15500,83195.98,2799.91
85722,Ethiopia,PMO - US,From RDC,N/A - From RDC,Air,19-Nov-10,8-Nov-10,ARV,Adult,SCMS from RDC,SKU0014,"Zidovudine 300mg, tablets, 60 Tabs",Generic,60,500,3605,7.21,0.12,"Aurobindo Unit III, India",See DN-2050 (ID#:82926),See DN-2050 (ID#:82926),7.77
85723,Zambia,PMO - US,From RDC,N/A - From RDC,Truck,31-Dec-10,25-Nov-10,ARV,Adult,SCMS from RDC,SKU0011,"Lamivudine/Zidovudine 150/300mg, tablets, 60 Tabs",Generic,60,75000,641250,8.55,0.14,"Aurobindo Unit III, India",See DN-2054 (ID#:83465),See DN-2054 (ID#:83465),1382.54
85724,Côte d'Ivoire,PMO - US,From RDC,N/A - From RDC,Air,30-Nov-10,9-Dec-10,ARV,Adult,SCMS from RDC,SKU0059,"Stavudine 20mg, capsules, 60 Caps",Generic,60,1013,1448.59,1.43,0.02,"Aurobindo Unit III, India",See DN-2064 (ID#:83469),See DN-2064 (ID#:83469),3.12
85725,Côte d'Ivoire,PMO - US,From RDC,N/A - From RDC,Air,30-Nov-10,9-Dec-10,ARV,Pediatric,SCMS from RDC,SKU0126,"Nevirapine 10mg/ml, oral suspension w/syringe, Bottle, 240 ml",Generic,240,4200,8190,1.95,0.01,"Aurobindo Unit III, India",See DN-2064 (ID#:83469),See DN-2064 (ID#:83469),17.66
85726,Dominican Republic,PMO - US,From RDC,N/A - From RDC,Air,31-Jan-11,8-Dec-10,ARV,Adult,SCMS from RDC,SKU0004,"Stavudine 30mg, capsules, 60 Caps",Generic,60,1207,1689.8,1.4,0.02,"Aurobindo Unit III, India",See DN-2065 (ID#:82360),See DN-2065 (ID#:82360),2.79
85727,Dominican Republic,PMO - US,From RDC,N/A - From RDC,Air,31-Jan-11,8-Dec-10,ARV,Adult,SCMS from RDC,SKU0029,"Tenofovir Disoproxil Fumarate 300mg, tablets, 30 Tabs",Generic,30,2615,18383.45,7.03,0.23,Mylan (formerly Matrix) Nashik,See DN-2065 (ID#:82360),See DN-2065 (ID#:82360),30.33
85728,Zambia,PMO - US,From RDC,N/A - From RDC,Truck,15-Nov-10,10-Dec-10,ARV,Adult,SCMS from RDC,SKU0007,"Nevirapine 200mg, tablets, 60 Tabs",Generic,60,10000,26600,2.66,0.04,Hetero Unit III Hyderabad IN,See DN-2072 (ID#:83472),See DN-2072 (ID#:83472),57.35
85729,Haiti,PMO - US,From RDC,N/A - From RDC,Air,20-Dec-10,5-Jan-11,ARV,Adult,SCMS from RDC,SKU0105,"Emtricitabine/Tenofovir Disoproxil Fumarate 200/300mg, tablets, 30 Tabs",Generic,30,400,4700,11.75,0.39,Mylan (formerly Matrix) Nashik,See DN-2073 (ID#:82362),See DN-2073 (ID#:82362),10.13
85730,Haiti,PMO - US,From RDC,N/A - From RDC,Air,20-Dec-10,5-Jan-11,ARV,Pediatric,SCMS from RDC,SKU0130,"Lamivudine 10mg/ml, oral solution w/syringe, Bottle, 240 ml",Generic,240,8000,14800,1.85,0.01,"Aurobindo Unit III, India",See DN-2073 (ID#:82362),See DN-2073 (ID#:82362),31.91
86254,Ethiopia,PMO - US,From RDC,N/A - From RDC,Air,4-Jan-10,18-Dec-09,ARV,Adult,SCMS from RDC,SKU0003,"Lamivudine 150mg, tablets, 60 Tabs",Generic,60,8000,19520,2.44,0.04,Mylan (formerly Matrix) Nashik,425,2978.5,42.09
85731,Nigeria,PMO - US,From RDC,N/A - From RDC,Air Charter,22-Feb-11,16-Feb-11,ARV,Adult,SCMS from RDC,SKU0132,"Efavirenz/Emtricitabine/Tenofovir Disoproxil Fumarate 600/200/300mg, tablets, 30 Tabs",Generic,30,43638,869268.96,19.92,0.66,Mylan (formerly Matrix) Nashik,See DN-2090 (ID#:82366),See DN-2090 (ID#:82366),1874.14
85732,Nigeria,PMO - US,From RDC,N/A - From RDC,Air Charter,22-Feb-11,16-Feb-11,ARV,Adult,SCMS from RDC,SKU0054,"Lamivudine/Nevirapine/Zidovudine 150/200/300mg, tablets, 60 Tabs",Generic,60,100000,1122000,11.22,0.19,Mylan (formerly Matrix) Nashik,See DN-2090 (ID#:82366),See DN-2090 (ID#:82366),2419.03
85733,Côte d'Ivoire,PMO - US,From RDC,N/A - From RDC,Air,22-Feb-11,22-Feb-11,ARV,Adult,SCMS from RDC,SKU0104,"Lamivudine/Stavudine 150/30mg, tablets, 60 Tabs",Generic,60,33998,111513.44,3.28,0.05,Mylan (formerly Matrix) Nashik,7275,8758.36,240.42
85734,Côte d'Ivoire,PMO - US,From RDC,N/A - From RDC,Air,22-Feb-11,22-Feb-11,ARV,Adult,SCMS from RDC,SKU0104,"Lamivudine/Stavudine 150/30mg, tablets, 60 Tabs",Generic,60,63000,206640,3.28,0.05,Mylan (formerly Matrix) Nashik,See DN-2095 (ID#:85733),See DN-2095 (ID#:85733),445.52
85735,Nigeria,PMO - US,From RDC,N/A - From RDC,Air Charter,17-Feb-11,16-Feb-11,ARV,Adult,SCMS from RDC,SKU0029,"Tenofovir Disoproxil Fumarate 300mg, tablets, 30 Tabs",Generic,30,3000,19710,6.57,0.22,"Aurobindo Unit III, India",2252,43548,42.49
85736,Tanzania,PMO - US,From RDC,N/A - From RDC,Air,28-Feb-11,28-Feb-11,ARV,Pediatric,SCMS from RDC,SKU0082,"Didanosine 100mg, chewable/dispersible tablets, 60 Tabs",Generic,60,625,4825,7.72,0.13,"Aurobindo Unit III, India",See DN-2102 (ID#:85176),See DN-2102 (ID#:85176),10.4
85737,Tanzania,PMO - US,From RDC,N/A - From RDC,Truck,28-Feb-11,28-Feb-11,ARV,Adult,SCMS from RDC,SKU0007,"Nevirapine 200mg, tablets, 60 Tabs",Generic,60,36576,94366.08,2.58,0.04,"Aurobindo Unit III, India",4145,1647,203.45
85738,Côte d'Ivoire,PMO - US,From RDC,N/A - From RDC,Air,15-Feb-11,23-Feb-11,ARV,Adult,SCMS from RDC,SKU0132,"Efavirenz/Emtricitabine/Tenofovir Disoproxil Fumarate 600/200/300mg, tablets, 30 Tabs",Generic,30,4800,95616,19.92,0.66,Mylan (formerly Matrix) Nashik,532,7441.57,157.77
85739,Haiti,PMO - US,From RDC,N/A - From RDC,Air,28-Feb-11,14-Feb-11,ARV,Adult,SCMS from RDC,SKU0107,"Lamivudine/Tenofovir Disoproxil Fumarate 300/300mg, tablets, 30 Tabs",Generic,30,1040,9172.8,8.82,0.29,Mylan (formerly Matrix) Nashik,See DN-2113 (ID#:82937),See DN-2113 (ID#:82937),19.78
85740,Zambia,PMO - US,From RDC,N/A - From RDC,Truck,31-Mar-11,7-Mar-11,ARV,Adult,SCMS from RDC,SKU0026,"Efavirenz 600mg, tablets, 30 Tabs",Generic,30,307216,1327173.12,4.32,0.14,Mylan (formerly Matrix) Nashik,See DN-2117 (ID#:84061),See DN-2117 (ID#:84061),2861.39
85741,Zambia,PMO - US,From RDC,N/A - From RDC,Truck,31-Mar-11,7-Mar-11,ARV,Adult,SCMS from RDC,SKU0026,"Efavirenz 600mg, tablets, 30 Tabs",Generic,30,11729,50669.28,4.32,0.14,"Aurobindo Unit III, India",See DN-2117 (ID#:84061),See DN-2117 (ID#:84061),109.24
85742,Zimbabwe,PMO - US,From RDC,N/A - From RDC,Truck,31-Mar-11,17-Mar-11,ARV,Adult,SCMS from RDC,SKU0026,"Efavirenz 600mg, tablets, 30 Tabs",Generic,30,6392,27741.28,4.34,0.14,Mylan (formerly Matrix) Nashik,See DN-2127 (ID#:82371),See DN-2127 (ID#:82371),59.81
85743,Zimbabwe,PMO - US,From RDC,N/A - From RDC,Truck,31-Mar-11,17-Mar-11,ARV,Adult,SCMS from RDC,SKU0104,"Lamivudine/Stavudine 150/30mg, tablets, 60 Tabs",Generic,60,4669,14940.8,3.2,0.05,"Cipla, Goa, India",See DN-2127 (ID#:82371),See DN-2127 (ID#:82371),32.21
85744,Zimbabwe,PMO - US,From RDC,N/A - From RDC,Truck,31-Mar-11,18-Mar-11,ARV,Adult,SCMS from RDC,SKU0026,"Efavirenz 600mg, tablets, 30 Tabs",Generic,30,6392,27741.28,4.34,0.14,Mylan (formerly Matrix) Nashik,See DN-2128 (ID#:84624),See DN-2128 (ID#:84624),59.81
85745,Zimbabwe,PMO - US,From RDC,N/A - From RDC,Truck,31-Mar-11,18-Mar-11,ARV,Adult,SCMS from RDC,SKU0107,"Lamivudine/Tenofovir Disoproxil Fumarate 300/300mg, tablets, 30 Tabs",Generic,30,10114,89205.48,8.82,0.29,Mylan (formerly Matrix) Nashik,See DN-2128 (ID#:84624),See DN-2128 (ID#:84624),192.33
85746,Ethiopia,PMO - US,From RDC,N/A - From RDC,Air,10-Mar-11,11-Mar-11,ARV,Adult,SCMS from RDC,SKU0008,"Lopinavir/Ritonavir 200/50mg [Aluvia], tablets, 120 Tabs",Aluvia,120,2680,96908.8,36.16,0.3,ABBVIE Ludwigshafen Germany,549,3600.65,159.9
85747,Uganda,PMO - US,From RDC,N/A - From RDC,Air,11-Mar-11,22-Mar-11,ARV,Adult,SCMS from RDC,SKU0014,"Zidovudine 300mg, tablets, 60 Tabs",Generic,60,10000,72100,7.21,0.12,"Aurobindo Unit III, India",1108,10648.62,118.96
85748,Côte d'Ivoire,PMO - US,From RDC,N/A - From RDC,Air,31-Mar-11,29-Apr-11,ARV,Pediatric,SCMS from RDC,SKU0117,"Zidovudine 10mg/ml, oral solution w/syringe, Bottle, 240 ml",Generic,240,5000,10500,2.1,0.01,"Aurobindo Unit III, India",1841,9447.08,22.64
85750,Côte d'Ivoire,PMO - US,From RDC,N/A - From RDC,Air,30-Jun-11,7-Jun-11,ARV,Adult,SCMS from RDC,SKU0132,"Efavirenz/Emtricitabine/Tenofovir Disoproxil Fumarate 600/200/300mg, tablets, 30 Tabs",Generic,30,5220,103982.4,19.92,0.66,Mylan (formerly Matrix) Nashik,See DN-2161 (ID#:84639),See DN-2161 (ID#:84639),171.57
85751,Côte d'Ivoire,PMO - US,From RDC,N/A - From RDC,Air,24-Mar-11,7-Jun-11,ARV,Adult,SCMS from RDC,SKU0132,"Efavirenz/Emtricitabine/Tenofovir Disoproxil Fumarate 600/200/300mg, tablets, 30 Tabs",Generic,30,300,5976,19.92,0.66,Mylan (formerly Matrix) Nashik,See DN-2158 (ID#:84075),See DN-2158 (ID#:84075),9.86
85752,Nigeria,PMO - US,From RDC,N/A - From RDC,Air Charter,21-Jun-11,10-May-11,ARV,Adult,SCMS from RDC,SKU0007,"Nevirapine 200mg, tablets, 60 Tabs",Generic,60,129557,325188.07,2.51,0.04,"Aurobindo Unit III, India",14710,12601.07,536.56
85753,Nigeria,PMO - US,From RDC,N/A - From RDC,Air Charter,21-Jun-11,11-May-11,ARV,Adult,SCMS from RDC,SKU0029,"Tenofovir Disoproxil Fumarate 300mg, tablets, 30 Tabs",Generic,30,156,1024.92,6.57,0.22,Mylan (formerly Matrix) Nashik,9,12601.07,1.69
85754,Nigeria,PMO - US,From RDC,N/A - From RDC,Air Charter,31-Mar-11,10-May-11,ARV,Adult,SCMS from RDC,SKU0054,"Lamivudine/Nevirapine/Zidovudine 150/200/300mg, tablets, 60 Tabs",Generic,60,154667,1735363.74,11.22,0.19,"Aurobindo Unit III, India",20339,12601.06,2863.35
85755,Zimbabwe,PMO - US,From RDC,N/A - From RDC,Truck,20-Apr-11,20-May-11,ARV,Pediatric,SCMS from RDC,SKU0140,"Lamivudine/Nevirapine/Zidovudine 30/50/60mg, dispersible tablets, 60 Tabs",Generic,60,55000,233750,4.25,0.07,Mylan (formerly Matrix) Nashik,5357,3403.99,503.96
85756,Mozambique,PMO - US,From RDC,N/A - From RDC,Truck,11-May-11,25-May-11,ARV,Adult,SCMS from RDC,SKU0011,"Lamivudine/Zidovudine 150/300mg, tablets, 60 Tabs",Generic,60,45000,384750,8.55,0.14,"Aurobindo Unit III, India",4171,3936.85,634.84
85757,Nigeria,PMO - US,From RDC,N/A - From RDC,Air Charter,21-Jun-11,11-May-11,ARV,Adult,SCMS from RDC,SKU0011,"Lamivudine/Zidovudine 150/300mg, tablets, 60 Tabs",Generic,60,137900,1139054,8.26,0.14,"Aurobindo Unit III, India",12766,12601.07,1879.44
85758,Zambia,PMO - US,From RDC,N/A - From RDC,Truck,30-Apr-11,20-May-11,ARV,Adult,SCMS from RDC,SKU0007,"Nevirapine 200mg, tablets, 60 Tabs",Generic,60,84,210.84,2.51,0.04,Hetero Unit III Hyderabad IN,6,3402.23,0.45
85759,Zambia,PMO - US,From RDC,N/A - From RDC,Truck,14-Apr-11,10-Jun-11,ARV,Adult,SCMS from RDC,SKU0026,"Efavirenz 600mg, tablets, 30 Tabs",Generic,30,170858,721020.76,4.22,0.14,Hetero Unit III Hyderabad IN,See DN-2196 (ID#:84086),See DN-2196 (ID#:84086),1554.52
85760,Mozambique,PMO - US,From RDC,N/A - From RDC,Truck,30-Jun-11,13-Jul-11,ARV,Adult,SCMS from RDC,SKU0003,"Lamivudine 150mg, tablets, 60 Tabs",Generic,60,2268,5284.44,2.33,0.04,"Aurobindo Unit III, India",109,1148.65,8.72
85761,Uganda,PMO - US,From RDC,N/A - From RDC,Air,15-Jun-11,31-May-11,ARV,Pediatric,SCMS from RDC,SKU0126,"Nevirapine 10mg/ml, oral suspension w/syringe, Bottle, 240 ml",Generic,240,20000,39000,1.95,0.01,"Aurobindo Unit III, India",7464,4605.44,64.35
85762,Nigeria,PMO - US,From RDC,N/A - From RDC,Air Charter,21-Jun-11,6-Jul-11,ARV,Adult,SCMS from RDC,SKU0007,"Nevirapine 200mg, tablets, 60 Tabs",Generic,60,22623,56783.73,2.51,0.04,"Aurobindo Unit III, India",2809,13398.06,93.69
85763,Côte d'Ivoire,PMO - US,From RDC,N/A - From RDC,Air,16-May-11,20-Jun-11,ARV,Pediatric,SCMS from RDC,SKU0126,"Nevirapine 10mg/ml, oral suspension w/syringe, Bottle, 240 ml",Generic,240,3500,6825,1.95,0.01,"Aurobindo Unit III, India",1313,5597.54,14.71
85764,Haiti,PMO - US,From RDC,N/A - From RDC,Air,16-May-11,20-Jun-11,ARV,Pediatric,SCMS from RDC,SKU0126,"Nevirapine 10mg/ml, oral suspension w/syringe, Bottle, 240 ml",Generic,240,4000,7800,1.95,0.01,"Aurobindo Unit III, India",1496,14897.04,16.82
85765,Guyana,PMO - US,From RDC,N/A - From RDC,Air,27-Oct-11,15-Jun-11,ARV,Pediatric,SCMS from RDC,SKU0145,"Abacavir 20mg/ml, oral solution w/syringe, Bottle, 240 ml",Generic,240,178,2438.6,13.7,0.06,"Aurobindo Unit III, India",See DN-2231 (ID#:82385),See DN-2231 (ID#:82385),4.02
85766,Guyana,PMO - US,From RDC,N/A - From RDC,Air,27-Oct-11,15-Jun-11,ARV,Pediatric,SCMS from RDC,SKU0130,"Lamivudine 10mg/ml, oral solution w/syringe, Bottle, 240 ml",Generic,240,375,693.75,1.85,0.01,"Aurobindo Unit III, India",See DN-2231 (ID#:82385),See DN-2231 (ID#:82385),1.14
85767,Zambia,PMO - US,From RDC,N/A - From RDC,Truck,15-Jul-11,11-Jul-11,ARV,Adult,SCMS from RDC,SKU0003,"Lamivudine 150mg, tablets, 60 Tabs",Generic,60,21621,50376.93,2.33,0.04,"Aurobindo Unit III, India",See DN-2254 (ID#:83508),See DN-2254 (ID#:83508),83.12
85810,Côte d'Ivoire,PMO - US,From RDC,N/A - From RDC,Truck,6-Feb-12,6-Feb-12,ARV,Pediatric,SCMS from RDC,SKU0049,"Efavirenz 50mg, capsule, 30 Caps",Generic,30,2772,6209.28,2.24,0.07,"Aurobindo Unit III, India",See DN-2459 (ID#:82424),See DN-2459 (ID#:82424),10.25
85768,Mozambique,PMO - US,From RDC,N/A - From RDC,Truck,10-Aug-11,4-Aug-11,ARV,Pediatric,SCMS from RDC,SKU0001,"Nevirapine 10mg/ml, oral suspension, Bottle, 240 ml",Generic,240,24496,44092.8,1.8,0.01,"Aurobindo Unit III, India",See DN-2242 (ID#:84654),See DN-2242 (ID#:84654),72.75
85769,Côte d'Ivoire,PMO - US,From RDC,N/A - From RDC,Air,30-Jun-11,26-Jun-11,ARV,Adult,SCMS from RDC,SKU0041,"Stavudine 15mg, capsules, 60 Caps",Generic,60,207,273.24,1.32,0.02,"Aurobindo Unit III, India",12,2503.34,0.45
85770,Benin,PMO - US,From RDC,N/A - From RDC,Air,4-Jul-11,30-Jun-11,ARV,Adult,SCMS from RDC,SKU0011,"Lamivudine/Zidovudine 150/300mg, tablets, 60 Tabs",Generic,60,15000,123900,8.26,0.14,"Aurobindo Unit III, India",1440,6477.67,204.44
85771,Ghana,PMO - US,From RDC,N/A - From RDC,Air,4-Jul-11,20-Jul-11,ARV,Adult,SCMS from RDC,SKU0007,"Nevirapine 200mg, tablets, 60 Tabs",Generic,60,25509,64027.59,2.51,0.04,Hetero Unit III Hyderabad IN,2216,226.25,105.65
85772,Haiti,PMO - US,From RDC,N/A - From RDC,Air,19-Jul-11,28-Jun-11,ARV,Adult,SCMS from RDC,SKU0004,"Stavudine 30mg, capsules, 60 Caps",Generic,60,7830,10962,1.4,0.02,"Aurobindo Unit III, India",See DN-2263 (ID#:82959),See DN-2263 (ID#:82959),18.09
85773,Haiti,PMO - US,From RDC,N/A - From RDC,Air,19-Jul-11,28-Jun-11,ARV,Pediatric,SCMS from RDC,SKU0065,"Zidovudine 100mg, capsules, 100 Caps",Generic,100,1500,7140,4.76,0.05,"Aurobindo Unit III, India",See DN-2263 (ID#:82959),See DN-2263 (ID#:82959),11.78
85774,Haiti,PMO - US,From RDC,N/A - From RDC,Air,19-Jul-11,21-Jul-11,ARV,Adult,SCMS from RDC,SKU0011,"Lamivudine/Zidovudine 150/300mg, tablets, 60 Tabs",Generic,60,20642,176489.1,8.55,0.14,Hetero Unit III Hyderabad IN,1778,28585.57,291.21
85775,Zambia,PMO - US,From RDC,N/A - From RDC,Truck,18-Aug-11,5-Aug-11,ARV,Adult,SCMS from RDC,SKU0014,"Zidovudine 300mg, tablets, 60 Tabs",Generic,60,26000,187460,7.21,0.12,Hetero Unit III Hyderabad IN,1405,3949.19,309.31
85776,Mozambique,PMO - US,From RDC,N/A - From RDC,Truck,17-Nov-11,17-Nov-11,ARV,Adult,SCMS from RDC,SKU0044,"Lamivudine/Nevirapine/Stavudine 150/200/30mg, tablets, 60 Tabs",Generic,60,81270,451861.2,5.56,0.09,"Cipla, Goa, India",8491,10605.03,745.57
85777,Côte d'Ivoire,PMO - US,From RDC,N/A - From RDC,Air,22-Jul-11,22-Jul-11,ARV,Pediatric,SCMS from RDC,SKU0126,"Nevirapine 10mg/ml, oral suspension w/syringe, Bottle, 240 ml",Generic,240,600,1170,1.95,0.01,"Aurobindo Unit III, India",224,3545.1,2.52
85778,Côte d'Ivoire,PMO - US,From RDC,N/A - From RDC,Air,27-Sep-11,12-Sep-11,ARV,Adult,SCMS from RDC,SKU0105,"Emtricitabine/Tenofovir Disoproxil Fumarate 200/300mg, tablets, 30 Tabs",Generic,30,4269,44995.26,10.54,0.35,Mylan (formerly Matrix) Nashik,See DN-2304 (ID#:82395),See DN-2304 (ID#:82395),74.24
85779,Zimbabwe,PMO - US,From RDC,N/A - From RDC,Truck,6-Sep-11,5-Sep-11,ARV,Adult,SCMS from RDC,SKU0026,"Efavirenz 600mg, tablets, 30 Tabs",Generic,30,6392,27741.28,4.34,0.14,Hetero Unit III Hyderabad IN,539,1709.78,59.81
85780,Uganda,PMO - US,From RDC,N/A - From RDC,Truck,22-Sep-11,26-Aug-11,ARV,Adult,SCMS from RDC,SKU0003,"Lamivudine 150mg, tablets, 60 Tabs",Generic,60,1946,4534.18,2.33,0.04,Hetero Unit III Hyderabad IN,195,2070.68,7.48
85781,Tanzania,PMO - US,From RDC,N/A - From RDC,Air,30-Sep-11,30-Aug-11,ARV,Adult,SCMS from RDC,SKU0029,"Tenofovir Disoproxil Fumarate 300mg, tablets, 30 Tabs",Generic,30,4279,28113.03,6.57,0.22,Mylan (formerly Matrix) Nashik,259,1553.64,46.39
85782,Uganda,PMO - US,From RDC,N/A - From RDC,Truck,5-Aug-11,24-Aug-11,ARV,Adult,SCMS from RDC,SKU0011,"Lamivudine/Zidovudine 150/300mg, tablets, 60 Tabs",Generic,60,32000,264320,8.26,0.14,"Aurobindo Unit III, India",3026,14406.99,436.13
85783,Mozambique,PMO - US,From RDC,N/A - From RDC,Truck,30-Sep-11,15-Sep-11,ARV,Adult,SCMS from RDC,SKU0003,"Lamivudine 150mg, tablets, 60 Tabs",Generic,60,3357,7821.81,2.33,0.04,Hetero Unit III Hyderabad IN,181,315.51,12.91
85784,Zambia,PMO - US,From RDC,N/A - From RDC,Truck,29-Sep-11,29-Aug-11,ARV,Adult,SCMS from RDC,SKU0007,"Nevirapine 200mg, tablets, 60 Tabs",Generic,60,20927,52526.77,2.51,0.04,"Strides, Bangalore, India.",See DN-2322 (ID#:82973),See DN-2322 (ID#:82973),86.67
85786,Mozambique,PMO - US,From RDC,N/A - From RDC,Truck,20-Sep-11,30-Sep-11,ARV,Adult,SCMS from RDC,SKU0004,"Stavudine 30mg, capsules, 60 Caps",Generic,60,538,753.2,1.4,0.02,"Aurobindo Unit III, India",43,888.93,1.24
85787,Zambia,PMO - US,From RDC,N/A - From RDC,Truck,21-Sep-11,26-Sep-11,ARV,Adult,SCMS from RDC,SKU0014,"Zidovudine 300mg, tablets, 60 Tabs",Generic,60,1917,13821.57,7.21,0.12,Hetero Unit III Hyderabad IN,2629,3139.96,22.81
85788,Zambia,PMO - US,From RDC,N/A - From RDC,Truck,21-Sep-11,26-Sep-11,ARV,Adult,SCMS from RDC,SKU0014,"Zidovudine 300mg, tablets, 60 Tabs",Generic,60,44163,318415.23,7.21,0.12,Hetero Unit III Hyderabad IN,See DN-2341 (ID#:85787),See DN-2341 (ID#:85787),525.39
85789,Uganda,PMO - US,From RDC,N/A - From RDC,Truck,30-Sep-11,26-Sep-11,ARV,Adult,SCMS from RDC,SKU0107,"Lamivudine/Tenofovir Disoproxil Fumarate 300/300mg, tablets, 30 Tabs",Generic,30,5000,41150,8.23,0.27,Mylan (formerly Matrix) Nashik,607,4911.39,67.9
85790,Zambia,PMO - US,From RDC,N/A - From RDC,Truck,31-Oct-11,26-Sep-11,ARV,Adult,SCMS from RDC,SKU0026,"Efavirenz 600mg, tablets, 30 Tabs",Generic,30,49142,212293.44,4.32,0.14,Hetero Unit III Hyderabad IN,See DN-2357 (ID#:84112),See DN-2357 (ID#:84112),350.28
85791,Guyana,PMO - US,From RDC,N/A - From RDC,Air,15-Dec-11,28-Sep-11,ARV,Pediatric,SCMS from RDC,SKU0066,"Efavirenz 200mg, capsule, 90 Caps",Generic,90,106,940.22,8.87,0.1,"Aurobindo Unit III, India",See DN-2361 (ID#:84673),See DN-2361 (ID#:84673),1.55
85792,Zimbabwe,PMO - US,From RDC,N/A - From RDC,Truck,21-Oct-11,21-Oct-11,ARV,Pediatric,SCMS from RDC,SKU0131,"Lamivudine/Zidovudine 30/60mg, tablets, 60 Tabs",Generic,60,4980,16185,3.25,0.05,Mylan (formerly Matrix) Nashik,See DN-2362 (ID#:83533),See DN-2362 (ID#:83533),26.71
85795,Tanzania,PMO - US,From RDC,N/A - From RDC,Air,30-Sep-11,23-Sep-11,ARV,Adult,SCMS from RDC,SKU0132,"Efavirenz/Emtricitabine/Tenofovir Disoproxil Fumarate 600/200/300mg, tablets, 30 Tabs",Generic,30,6840,136252.8,19.92,0.66,Mylan (formerly Matrix) Nashik,778,Freight Included in Commodity Cost,224.82
85796,Guyana,PMO - US,From RDC,N/A - From RDC,Air,15-Dec-11,5-Oct-11,ARV,Adult,SCMS from RDC,SKU0003,"Lamivudine 150mg, tablets, 60 Tabs",Generic,60,696,1621.68,2.33,0.04,"Aurobindo Unit III, India",33,1002.59,2.68
85797,Nigeria,PMO - US,From RDC,N/A - From RDC,Air Charter,5-Dec-11,17-Oct-11,ARV,Adult,SCMS from RDC,SKU0105,"Emtricitabine/Tenofovir Disoproxil Fumarate 200/300mg, tablets, 30 Tabs",Generic,30,17038,152830.86,8.97,0.3,"Aurobindo Unit III, India",1722,21326.73,252.17
85798,Nigeria,PMO - US,From RDC,N/A - From RDC,Air Charter,2-Mar-12,14-Oct-11,ARV,Adult,SCMS from RDC,SKU0011,"Lamivudine/Zidovudine 150/300mg, tablets, 60 Tabs",Generic,60,88433,730456.58,8.26,0.14,"Aurobindo Unit III, India",8935,21326.73,1205.25
85799,Côte d'Ivoire,PMO - US,From RDC,N/A - From RDC,Truck,11-Nov-11,31-Oct-11,ARV,Adult,SCMS from RDC,SKU0162,"Abacavir/Lamivudine 600/300mg, scored tablets, 30 Tabs",Generic,30,2790,62775,22.5,0.75,Mylan (formerly Matrix) Nashik,See DN-2405 (ID#:84118),See DN-2405 (ID#:84118),103.58
85800,Haiti,PMO - US,From RDC,N/A - From RDC,Air,31-Oct-11,8-Nov-11,ARV,Pediatric,SCMS from RDC,SKU0126,"Nevirapine 10mg/ml, oral suspension w/syringe, Bottle, 240 ml",Generic,240,2848,5553.6,1.95,0.01,"Aurobindo Unit III, India",1066,10794.84,9.16
85801,Zimbabwe,PMO - US,From RDC,N/A - From RDC,Truck,30-Nov-11,21-Nov-11,ARV,Pediatric,SCMS from RDC,SKU0071,"Abacavir 20mg/ml, oral solution, Bottle, 240 ml",Generic,240,592,8051.2,13.6,0.06,"Cipla, Goa, India",195,221.96,13.28
85802,Zimbabwe,PMO - US,From RDC,N/A - From RDC,Truck,14-Nov-11,21-Nov-11,ARV,Adult,SCMS from RDC,SKU0104,"Lamivudine/Stavudine 150/30mg, tablets, 60 Tabs",Generic,60,4593,13549.35,2.95,0.05,"Strides, Bangalore, India.",See DN-2410 (ID#:84678),See DN-2410 (ID#:84678),22.36
85803,Côte d'Ivoire,PMO - US,From RDC,N/A - From RDC,Truck,9-Dec-11,19-Nov-11,ARV,Adult,SCMS from RDC,SKU0105,"Emtricitabine/Tenofovir Disoproxil Fumarate 200/300mg, tablets, 30 Tabs",Generic,30,14480,129885.6,8.97,0.3,"Aurobindo Unit III, India",See DN-2420 (ID#:82989),See DN-2420 (ID#:82989),214.31
85804,Zambia,PMO - US,From RDC,N/A - From RDC,Truck,24-Jan-12,28-Nov-11,ARV,Adult,SCMS from RDC,SKU0026,"Efavirenz 600mg, tablets, 30 Tabs",Generic,30,230000,970600,4.22,0.14,Mylan (formerly Matrix) Nashik,18968,22168.18,1601.49
85805,Zambia,PMO - US,From RDC,N/A - From RDC,Truck,28-Feb-12,28-Nov-11,ARV,Adult,SCMS from RDC,SKU0058,"Abacavir 300mg, tablets, 60 Tabs",Generic,60,2548,38321.92,15.04,0.25,Mylan (formerly Matrix) Nashik,257,361.73,63.23
85806,Zimbabwe,PMO - US,From RDC,N/A - From RDC,Truck,7-Dec-11,9-Dec-11,ARV,Adult,SCMS from RDC,SKU0026,"Efavirenz 600mg, tablets, 30 Tabs",Generic,30,6392,26335.04,4.12,0.14,Mylan (formerly Matrix) Nashik,See DN-2441 (ID#:82993),See DN-2441 (ID#:82993),43.45
85807,Zimbabwe,PMO - US,From RDC,N/A - From RDC,Truck,14-Dec-11,9-Dec-11,ARV,Adult,SCMS from RDC,SKU0014,"Zidovudine 300mg, tablets, 60 Tabs",Generic,60,18534,130108.68,7.02,0.12,Hetero Unit III Hyderabad IN,1013,5216.63,214.68
85808,Nigeria,PMO - US,From RDC,N/A - From RDC,Air Charter,2-Mar-12,18-Dec-11,ARV,Adult,SCMS from RDC,SKU0026,"Efavirenz 600mg, tablets, 30 Tabs",Generic,30,10944,46183.68,4.22,0.14,"Strides, Bangalore, India.",726,15322.73,76.2
85809,Zambia,PMO - US,From RDC,N/A - From RDC,Truck,10-Jan-12,20-Jan-12,ARV,Pediatric,SCMS from RDC,SKU0126,"Nevirapine 10mg/ml, oral suspension w/syringe, Bottle, 240 ml",Generic,240,8000,15600,1.95,0.01,"Aurobindo Unit III, India",3088,6476.69,25.74
85812,Mozambique,PMO - US,From RDC,N/A - From RDC,Truck,29-Feb-12,22-Feb-12,ARV,Adult,SCMS from RDC,SKU0054,"Lamivudine/Nevirapine/Zidovudine 150/200/300mg, tablets, 60 Tabs",Generic,60,250000,2805000,11.22,0.19,Mylan (formerly Matrix) Nashik,32538,20179.39,4628.25
85813,"Congo, DRC",PMO - US,From RDC,N/A - From RDC,Air,16-Mar-12,14-Feb-12,ARV,Adult,SCMS from RDC,SKU0026,"Efavirenz 600mg, tablets, 30 Tabs",Generic,30,4,16.48,4.12,0.14,"Strides, Bangalore, India.",See DN-2492 (ID#:82999),See DN-2492 (ID#:82999),0.02
85814,"Congo, DRC",PMO - US,From RDC,N/A - From RDC,Air,16-Mar-12,14-Feb-12,ARV,Adult,SCMS from RDC,SKU0054,"Lamivudine/Nevirapine/Zidovudine 150/200/300mg, tablets, 60 Tabs",Generic,60,174,1914,11,0.18,Mylan (formerly Matrix) Nashik,See DN-2493 (ID#:82432),See DN-2493 (ID#:82432),2.68
85815,"Congo, DRC",PMO - US,From RDC,N/A - From RDC,Air,16-Mar-12,14-Feb-12,ARV,Adult,SCMS from RDC,SKU0135,"Lopinavir/Ritonavir 200/50mg, tablets, 120 Tabs",Generic,120,23,776.02,33.74,0.28,"Aurobindo Unit III, India",See DN-2493 (ID#:82432),See DN-2493 (ID#:82432),1.09
85816,"Congo, DRC",PMO - US,From RDC,N/A - From RDC,Air,16-Mar-12,14-Feb-12,ARV,Adult,SCMS from RDC,SKU0011,"Lamivudine/Zidovudine 150/300mg, tablets, 60 Tabs",Generic,60,67,553.42,8.26,0.14,"Aurobindo Unit III, India",See DN-2494 (ID#:82433),See DN-2494 (ID#:82433),0.78
85817,"Congo, DRC",PMO - US,From RDC,N/A - From RDC,Air,16-Mar-12,14-Feb-12,ARV,Adult,SCMS from RDC,SKU0011,"Lamivudine/Zidovudine 150/300mg, tablets, 60 Tabs",Generic,60,41,338.66,8.26,0.14,"Aurobindo Unit III, India",See DN-2497 (ID#:82435),See DN-2497 (ID#:82435),0.47
85819,Guyana,PMO - US,From RDC,N/A - From RDC,Air,30-Mar-12,4-Feb-12,ARV,Pediatric,SCMS from RDC,SKU0130,"Lamivudine 10mg/ml, oral solution w/syringe, Bottle, 240 ml",Generic,240,140,259,1.85,0.01,"Aurobindo Unit III, India",See DN-2503 (ID#:83007),See DN-2503 (ID#:83007),0.36
85820,"Congo, DRC",PMO - US,From RDC,N/A - From RDC,Air,16-Mar-12,11-Apr-12,ARV,Adult,SCMS from RDC,SKU0107,"Lamivudine/Tenofovir Disoproxil Fumarate 300/300mg, tablets, 30 Tabs",Generic,30,15,91.2,6.08,0.2,Mylan (formerly Matrix) Nashik,See DN-2507 (ID#:82440),See DN-2507 (ID#:82440),0.13
85821,"Congo, DRC",PMO - US,From RDC,N/A - From RDC,Air,16-Mar-12,14-Mar-12,ARV,Adult,SCMS from RDC,SKU0014,"Zidovudine 300mg, tablets, 60 Tabs",Generic,60,187,1312.74,7.02,0.12,Hetero Unit III Hyderabad IN,125,1554.64,1.84
85822,"Congo, DRC",PMO - US,From RDC,N/A - From RDC,Air,16-Mar-12,14-Mar-12,ARV,Adult,SCMS from RDC,SKU0014,"Zidovudine 300mg, tablets, 60 Tabs",Generic,60,2197,15422.94,7.02,0.12,Hetero Unit III Hyderabad IN,See DN-2512 (ID#:82443),See DN-2512 (ID#:82443),21.62
85999,Nigeria,PMO - US,From RDC,N/A - From RDC,Air Charter,20-Sep-13,12-Sep-13,ARV,Adult,SCMS from RDC,SKU0026,"Efavirenz 600mg, tablets, 30 Tabs",Generic,30,8917,29693.61,3.33,0.11,"Aurobindo Unit III, India",857,34218.36,36.73
85823,Zimbabwe,PMO - US,From RDC,N/A - From RDC,Truck,29-Feb-12,16-Feb-12,ARV,Adult,SCMS from RDC,SKU0107,"Lamivudine/Tenofovir Disoproxil Fumarate 300/300mg, tablets, 30 Tabs",Generic,30,10114,61493.12,6.08,0.2,Mylan (formerly Matrix) Nashik,See DN-2519 (ID#:84141),See DN-2519 (ID#:84141),101.46
85824,"Congo, DRC",PMO - US,From RDC,N/A - From RDC,Air,22-Mar-12,22-Mar-12,ARV,Adult,SCMS from RDC,SKU0003,"Lamivudine 150mg, tablets, 60 Tabs",Generic,60,220,512.6,2.33,0.04,Hetero Unit III Hyderabad IN,12,91.43,0.72
85825,Côte d'Ivoire,PMO - US,From RDC,N/A - From RDC,Truck,29-Feb-12,8-Feb-12,ARV,Pediatric,SCMS from RDC,SKU0148,"Didanosine 200mg, delayed-release capsules, 30 Caps",Generic,30,650,7150,11,0.37,"Aurobindo Unit III, India",61,1572.97,11.8
85826,Zambia,PMO - US,From RDC,N/A - From RDC,Truck,27-Apr-12,17-Feb-12,ARV,Adult,SCMS from RDC,SKU0026,"Efavirenz 600mg, tablets, 30 Tabs",Generic,30,113614,468089.68,4.12,0.14,Mylan (formerly Matrix) Nashik,See DN-2532 (ID#:82448),See DN-2532 (ID#:82448),656.26
85827,Haiti,PMO - US,From RDC,N/A - From RDC,Air,2-Mar-12,12-Mar-12,ARV,Pediatric,SCMS from RDC,SKU0049,"Efavirenz 50mg, capsule, 30 Caps",Generic,30,1680,3763.2,2.24,0.07,"Aurobindo Unit III, India",See DN-2535 (ID#:83011),See DN-2535 (ID#:83011),5.28
85828,Tanzania,PMO - US,From RDC,N/A - From RDC,Truck,30-Mar-12,12-Mar-12,ARV,Pediatric,SCMS from RDC,SKU0126,"Nevirapine 10mg/ml, oral suspension w/syringe, Bottle, 240 ml",Generic,240,32554,63480.3,1.95,0.01,"Aurobindo Unit III, India",Weight Captured Separately,Invoiced Separately,104.74
85829,Côte d'Ivoire,PMO - US,From RDC,N/A - From RDC,Air,19-Mar-12,24-Feb-12,ARV,Adult,SCMS from RDC,SKU0026,"Efavirenz 600mg, tablets, 30 Tabs",Generic,30,12446,51277.52,4.12,0.14,"Strides, Bangalore, India.",See DN-2552 (ID#:85237),See DN-2552 (ID#:85237),71.89
85968,Nigeria,PMO - US,From RDC,N/A - From RDC,Air Charter,21-May-13,3-May-13,ARV,Adult,SCMS from RDC,SKU0007,"Nevirapine 200mg, tablets, 60 Tabs",Generic,60,95000,214700,2.26,0.04,Hetero Unit III Hyderabad IN,6528,14547.55,265.58
85830,Côte d'Ivoire,PMO - US,From RDC,N/A - From RDC,Truck,30-Mar-12,24-Feb-12,ARV,Adult,SCMS from RDC,SKU0162,"Abacavir/Lamivudine 600/300mg, scored tablets, 30 Tabs",Generic,30,1260,28350,22.5,0.75,Mylan (formerly Matrix) Nashik,122,1131.63,46.78
85831,Côte d'Ivoire,PMO - US,From RDC,N/A - From RDC,Truck,30-Mar-12,24-Feb-12,ARV,Adult,SCMS from RDC,SKU0132,"Efavirenz/Emtricitabine/Tenofovir Disoproxil Fumarate 600/200/300mg, tablets, 30 Tabs",Generic,30,7140,119452.2,16.73,0.56,Mylan (formerly Matrix) Nashik,779,4646.14,197.1
85832,Nigeria,PMO - US,From RDC,N/A - From RDC,Air Charter,2-Mar-12,16-Feb-12,ARV,Adult,SCMS from RDC,SKU0007,"Nevirapine 200mg, tablets, 60 Tabs",Generic,60,51355,125819.75,2.45,0.04,"Aurobindo Unit III, India",6436,25231.96,207.6
85833,Nigeria,PMO - US,From RDC,N/A - From RDC,Air Charter,16-Mar-12,16-Feb-12,ARV,Adult,SCMS from RDC,SKU0054,"Lamivudine/Nevirapine/Zidovudine 150/200/300mg, tablets, 60 Tabs",Generic,60,240976,2703750.72,11.22,0.19,"Aurobindo Unit III, India",30789,25231.96,4461.19
85834,Nigeria,PMO - US,From RDC,N/A - From RDC,Air Charter,20-Jun-12,16-Feb-12,ARV,Adult,SCMS from RDC,SKU0003,"Lamivudine 150mg, tablets, 60 Tabs",Generic,60,7736,18024.88,2.33,0.04,"Aurobindo Unit III, India",See DN-2567 (ID#:85241),See DN-2567 (ID#:85241),25.27
85835,Uganda,PMO - US,From RDC,N/A - From RDC,Truck,30-Mar-12,27-Feb-12,ARV,Adult,SCMS from RDC,SKU0014,"Zidovudine 300mg, tablets, 60 Tabs",Generic,60,4398,30873.96,7.02,0.12,Hetero Unit III Hyderabad IN,224,1933.3,50.94
85836,Zambia,PMO - US,From RDC,N/A - From RDC,Truck,8-May-12,16-Mar-12,ARV,Adult,SCMS from RDC,SKU0026,"Efavirenz 600mg, tablets, 30 Tabs",Generic,30,61060,251567.2,4.12,0.14,"Strides, Bangalore, India.",3718,19949.86,352.7
85837,Uganda,PMO - US,From RDC,N/A - From RDC,Truck,30-Mar-12,9-Mar-12,ARV,Adult,SCMS from RDC,SKU0107,"Lamivudine/Tenofovir Disoproxil Fumarate 300/300mg, tablets, 30 Tabs",Generic,30,5785,35172.8,6.08,0.2,Mylan (formerly Matrix) Nashik,460,3571.6,58.04
85838,South Sudan,PMO - US,From RDC,N/A - From RDC,Air,21-Mar-12,8-Mar-12,ARV,Pediatric,SCMS from RDC,SKU0126,"Nevirapine 10mg/ml, oral suspension w/syringe, Bottle, 240 ml",Generic,240,6000,11700,1.95,0.01,"Aurobindo Unit III, India",See DN-2581 (ID#:82457),See DN-2581 (ID#:82457),16.4
85839,Tanzania,PMO - US,From RDC,N/A - From RDC,Truck,30-Apr-12,11-Apr-12,ARV,Pediatric,SCMS from RDC,SKU0131,"Lamivudine/Zidovudine 30/60mg, tablets, 60 Tabs",Generic,60,34054,101821.46,2.99,0.05,Mylan (formerly Matrix) Nashik,1309,3279.25,168.01
85840,Zambia,PMO - US,From RDC,N/A - From RDC,Truck,8-May-12,27-Feb-12,ARV,Adult,SCMS from RDC,SKU0026,"Efavirenz 600mg, tablets, 30 Tabs",Generic,30,99714,410821.68,4.12,0.14,"Strides, Bangalore, India.",6005,5447.21,575.97
85841,Rwanda,PMO - US,From RDC,N/A - From RDC,Air,12-Mar-12,28-Feb-12,ARV,Pediatric,SCMS from RDC,SKU0066,"Efavirenz 200mg, capsule, 90 Caps",Generic,90,2520,21772.8,8.64,0.1,"Aurobindo Unit III, India",318,2716.08,30.53
85843,Tanzania,PMO - US,From RDC,N/A - From RDC,Truck,8-May-12,11-Apr-12,ARV,Pediatric,SCMS from RDC,SKU0140,"Lamivudine/Nevirapine/Zidovudine 30/50/60mg, dispersible tablets, 60 Tabs",Generic,60,5603,23812.75,4.25,0.07,Mylan (formerly Matrix) Nashik,316,3279.25,39.29
85844,Burundi,PMO - US,From RDC,N/A - From RDC,Air,26-Apr-12,4-May-12,ARV,Pediatric,SCMS from RDC,SKU0126,"Nevirapine 10mg/ml, oral suspension w/syringe, Bottle, 240 ml",Generic,240,170,331.5,1.95,0.01,"Aurobindo Unit III, India",See DN-2594 (ID#:83021),See DN-2594 (ID#:83021),0.46
85845,Burundi,PMO - US,From RDC,N/A - From RDC,Air,26-Apr-12,4-May-12,ARV,Adult,SCMS from RDC,SKU0054,"Lamivudine/Nevirapine/Zidovudine 150/200/300mg, tablets, 60 Tabs",Generic,60,10000,110000,11,0.18,Mylan (formerly Matrix) Nashik,See DN-2594 (ID#:83021),See DN-2594 (ID#:83021),154.22
85846,Tanzania,PMO - US,From RDC,N/A - From RDC,Truck,4-May-12,11-Apr-12,ARV,Adult,SCMS from RDC,SKU0014,"Zidovudine 300mg, tablets, 60 Tabs",Generic,60,137759,967068.18,7.02,0.12,Hetero Unit III Hyderabad IN,See DN-2598 (ID#:82465),See DN-2598 (ID#:82465),1595.66
85847,Uganda,PMO - US,From RDC,N/A - From RDC,Air,3-May-12,27-Mar-12,ARV,Adult,SCMS from RDC,SKU0107,"Lamivudine/Tenofovir Disoproxil Fumarate 300/300mg, tablets, 30 Tabs",Generic,30,12959,78790.72,6.08,0.2,Mylan (formerly Matrix) Nashik,See DN-2603 (ID#:83023),See DN-2603 (ID#:83023),110.46
85848,Zimbabwe,PMO - US,From RDC,N/A - From RDC,Truck,13-Apr-12,10-Apr-12,ARV,Adult,SCMS from RDC,SKU0007,"Nevirapine 200mg, tablets, 60 Tabs",Generic,60,69037,173282.87,2.51,0.04,"Aurobindo Unit VII, IN",See DN-2605 (ID#:82467),See DN-2605 (ID#:82467),285.92
86136,Tanzania,PMO - US,From RDC,N/A - From RDC,Truck,3-Nov-14,17-Oct-14,ARV,Adult,SCMS from RDC,SKU0058,"Abacavir 300mg, tablets, 60 Tabs",Generic,60,24876,285078.96,11.46,0.19,Mylan (formerly Matrix) Nashik,2345,2456.74,352.64
85849,Uganda,PMO - US,From RDC,N/A - From RDC,Truck,16-May-12,27-Mar-12,ARV,Adult,SCMS from RDC,SKU0107,"Lamivudine/Tenofovir Disoproxil Fumarate 300/300mg, tablets, 30 Tabs",Generic,30,22872,139061.76,6.08,0.2,Mylan (formerly Matrix) Nashik,See DN-2607 (ID#:83580),See DN-2607 (ID#:83580),229.45
85850,Zambia,PMO - US,From RDC,N/A - From RDC,Truck,15-May-12,16-Apr-12,ARV,Adult,SCMS from RDC,SKU0132,"Efavirenz/Emtricitabine/Tenofovir Disoproxil Fumarate 600/200/300mg, tablets, 30 Tabs",Generic,30,150000,2509500,16.73,0.56,Mylan (formerly Matrix) Nashik,17001,8510.81,4140.68
85851,Zambia,PMO - US,From RDC,N/A - From RDC,Truck,27-Apr-12,16-Apr-12,ARV,Adult,SCMS from RDC,SKU0058,"Abacavir 300mg, tablets, 60 Tabs",Generic,60,15000,219450,14.63,0.24,"Aurobindo Unit III, India",1485,8510.82,307.67
85852,Côte d'Ivoire,PMO - US,From RDC,N/A - From RDC,Truck,27-Apr-12,19-Apr-12,ARV,Adult,SCMS from RDC,SKU0011,"Lamivudine/Zidovudine 150/300mg, tablets, 60 Tabs",Generic,60,5,41.3,8.26,0.14,Mylan (formerly Matrix) Nashik,See DN-2612 (ID#:84157),See DN-2612 (ID#:84157),0.07
85853,Zambia,PMO - US,From RDC,N/A - From RDC,Truck,15-May-12,30-Apr-12,ARV,Adult,SCMS from RDC,SKU0011,"Lamivudine/Zidovudine 150/300mg, tablets, 60 Tabs",Generic,60,887,7096,8,0.13,"Aurobindo Unit VII, IN",See DN-2624 (ID#:83584),See DN-2624 (ID#:83584),11.71
85854,Dominican Republic,PMO - US,From RDC,N/A - From RDC,Air,21-May-12,4-May-12,ARV,Adult,SCMS from RDC,SKU0107,"Lamivudine/Tenofovir Disoproxil Fumarate 300/300mg, tablets, 30 Tabs",Generic,30,6263,34697.02,5.54,0.18,Mylan (formerly Matrix) Nashik,See DN-2638 (ID#:85257),See DN-2638 (ID#:85257),48.65
85855,Nigeria,PMO - US,From RDC,N/A - From RDC,Air Charter,4-Jul-12,30-Apr-12,ARV,Adult,SCMS from RDC,SKU0007,"Nevirapine 200mg, tablets, 60 Tabs",Generic,60,87499,213497.56,2.44,0.04,"Aurobindo Unit III, India",9645,27441.22,299.32
85856,Uganda,PMO - US,From RDC,N/A - From RDC,Truck,3-Jul-12,18-May-12,ARV,Adult,SCMS from RDC,SKU0054,"Lamivudine/Nevirapine/Zidovudine 150/200/300mg, tablets, 60 Tabs",Generic,60,3275,33699.75,10.29,0.17,"Strides, Bangalore, India.",See DN-2643 (ID#:82471),See DN-2643 (ID#:82471),47.25
85857,Uganda,PMO - US,From RDC,N/A - From RDC,Truck,29-Jun-12,22-May-12,ARV,Adult,SCMS from RDC,SKU0008,"Lopinavir/Ritonavir 200/50mg [Aluvia], tablets, 120 Tabs",Aluvia,120,917,28261.94,30.82,0.26,ABBVIE Ludwigshafen Germany,See DN-2654 (ID#:82473),See DN-2654 (ID#:82473),39.62
85859,Mozambique,PMO - US,From RDC,N/A - From RDC,Truck,3-Jul-12,28-Jun-12,ARV,Adult,SCMS from RDC,SKU0011,"Lamivudine/Zidovudine 150/300mg, tablets, 60 Tabs",Generic,60,33156,257953.68,7.78,0.13,Mylan (formerly Matrix) Nashik,See DN-2663 (ID#:82478),See DN-2663 (ID#:82478),361.65
85861,"Congo, DRC",PMO - US,From RDC,N/A - From RDC,Air,3-Sep-12,3-Sep-12,ARV,Adult,SCMS from RDC,SKU0026,"Efavirenz 600mg, tablets, 30 Tabs",Generic,30,200,824,4.12,0.14,"Strides, Bangalore, India.",See DN-2678 (ID#:83040),See DN-2678 (ID#:83040),1.16
85862,Nigeria,PMO - US,From RDC,N/A - From RDC,Air Charter,4-Jul-12,3-Jun-12,ARV,Adult,SCMS from RDC,SKU0054,"Lamivudine/Nevirapine/Zidovudine 150/200/300mg, tablets, 60 Tabs",Generic,60,3479,35798.91,10.29,0.17,Mylan (formerly Matrix) Nashik,See DN-2684 (ID#:82479),See DN-2684 (ID#:82479),50.19
85863,Nigeria,PMO - US,From RDC,N/A - From RDC,Air Charter,20-Jun-12,3-Jun-12,ARV,Adult,SCMS from RDC,SKU0113,"Efavirenz/Lamivudine/Tenofovir Disoproxil Fumarate 600/300/300mg, tablets, 30 Tabs",Generic,30,20000,282000,14.1,0.47,Mylan (formerly Matrix) Nashik,2334,17090,395.36
85864,Nigeria,PMO - US,From RDC,N/A - From RDC,Air Charter,2-Aug-12,3-Jun-12,ARV,Pediatric,SCMS from RDC,SKU0066,"Efavirenz 200mg, capsule, 90 Caps",Generic,90,2067,17858.88,8.64,0.1,"Aurobindo Unit III, India",307,17090,25.04
85865,Zambia,PMO - US,From RDC,N/A - From RDC,Air,2-Jul-12,7-Jun-12,HRDT,HIV test,SCMS from RDC,SKU0002,"HIV 1/2, Determine Complete HIV Kit, 100 Tests",Determine,100,5996,479680,80,0.8,"Alere Medical Co., Ltd.",1363,22171.8,672.51
85866,"Congo, DRC",PMO - US,From RDC,N/A - From RDC,Air,11-Sep-12,11-Sep-12,ARV,Adult,SCMS from RDC,SKU0003,"Lamivudine 150mg, tablets, 60 Tabs",Generic,60,900,2097,2.33,0.04,Macleods Daman Plant INDIA,See DN-2697 (ID#:83045),See DN-2697 (ID#:83045),2.94
85867,"Congo, DRC",PMO - US,From RDC,N/A - From RDC,Air,11-Sep-12,11-Sep-12,ARV,Adult,SCMS from RDC,SKU0029,"Tenofovir Disoproxil Fumarate 300mg, tablets, 30 Tabs",Generic,30,120,660,5.5,0.18,Mylan (formerly Matrix) Nashik,See DN-2697 (ID#:83045),See DN-2697 (ID#:83045),0.93
85868,"Congo, DRC",PMO - US,From RDC,N/A - From RDC,Air,11-Sep-12,11-Sep-12,ARV,Adult,SCMS from RDC,SKU0014,"Zidovudine 300mg, tablets, 60 Tabs",Generic,60,1300,8853,6.81,0.11,Hetero Unit III Hyderabad IN,See DN-2697 (ID#:83045),See DN-2697 (ID#:83045),12.41
85869,Zimbabwe,PMO - US,From RDC,N/A - From RDC,Truck,16-Oct-12,27-Jun-12,ARV,Adult,SCMS from RDC,SKU0104,"Lamivudine/Stavudine 150/30mg, tablets, 60 Tabs",Generic,60,2699,7962.05,2.95,0.05,"Strides, Bangalore, India.",See DN-2694 (ID#:82483),See DN-2694 (ID#:82483),13.14
85870,Nigeria,PMO - US,From RDC,N/A - From RDC,Air Charter,20-Jun-12,3-Jun-12,ARV,Adult,SCMS from RDC,SKU0003,"Lamivudine 150mg, tablets, 60 Tabs",Generic,60,22100,51493,2.33,0.04,"Strides, Bangalore, India.",See DN-2706 (ID#:85272),See DN-2706 (ID#:85272),72.19
85871,Mozambique,PMO - US,From RDC,N/A - From RDC,Truck,7-Aug-12,24-Jul-12,ARV,Pediatric,SCMS from RDC,SKU0117,"Zidovudine 10mg/ml, oral solution w/syringe, Bottle, 240 ml",Generic,240,1600,3360,2.1,0.01,"Aurobindo Unit III, India",See DN-2717 (ID#:83598),See DN-2717 (ID#:83598),4.71
85872,Tanzania,PMO - US,From RDC,N/A - From RDC,Truck,1-Aug-12,25-Jul-12,ARV,Adult,SCMS from RDC,SKU0029,"Tenofovir Disoproxil Fumarate 300mg, tablets, 30 Tabs",Generic,30,10000,55000,5.5,0.18,"Aurobindo Unit III, India",See DN-2718 (ID#:84176),See DN-2718 (ID#:84176),77.11
85873,Tanzania,PMO - US,From RDC,N/A - From RDC,Truck,15-Aug-12,25-Jul-12,ARV,Pediatric,SCMS from RDC,SKU0126,"Nevirapine 10mg/ml, oral suspension w/syringe, Bottle, 240 ml",Generic,240,29504,57532.8,1.95,0.01,"Aurobindo Unit III, India",10913,3853.89,94.93
85874,Nigeria,PMO - US,From RDC,N/A - From RDC,Air Charter,2-Aug-12,9-Jul-12,ARV,Adult,SCMS from RDC,SKU0054,"Lamivudine/Nevirapine/Zidovudine 150/200/300mg, tablets, 60 Tabs",Generic,60,180000,1765800,9.81,0.16,"Aurobindo Unit III, India",23096,21347.13,2475.65
85875,Mozambique,PMO - US,From RDC,N/A - From RDC,Truck,4-Sep-12,22-Aug-12,ARV,Adult,SCMS from RDC,SKU0014,"Zidovudine 300mg, tablets, 60 Tabs",Generic,60,43020,302000.4,7.02,0.12,Mylan (formerly Matrix) Nashik,22479,6483.81,423.4
85876,Uganda,PMO - US,From RDC,N/A - From RDC,Truck,5-Sep-12,30-Jul-12,ARV,Adult,SCMS from RDC,SKU0054,"Lamivudine/Nevirapine/Zidovudine 150/200/300mg, tablets, 60 Tabs",Generic,60,4879,47862.99,9.81,0.16,Mylan (formerly Matrix) Nashik,637,5081.05,67.1
85877,Zimbabwe,PMO - US,From RDC,N/A - From RDC,Truck,16-Oct-12,23-Jul-12,ARV,Adult,SCMS from RDC,SKU0026,"Efavirenz 600mg, tablets, 30 Tabs",Generic,30,17422,66377.82,3.81,0.13,"Aurobindo Unit III, India",See DN-2741 (ID#:84180),See DN-2741 (ID#:84180),109.52
85878,Côte d'Ivoire,PMO - US,From RDC,N/A - From RDC,Air,31-Jul-12,31-Jul-12,ARV,Adult,SCMS from RDC,SKU0011,"Lamivudine/Zidovudine 150/300mg, tablets, 60 Tabs",Generic,60,45000,347400,7.72,0.13,"Aurobindo Unit III, India",4050,11592.26,487.05
85879,Tanzania,PMO - US,From RDC,N/A - From RDC,Truck,31-Aug-12,22-Aug-12,ARV,Adult,SCMS from RDC,SKU0105,"Emtricitabine/Tenofovir Disoproxil Fumarate 200/300mg, tablets, 30 Tabs",Generic,30,66931,475879.41,7.11,0.24,Mylan (formerly Matrix) Nashik,See DN-2761 (ID#:83606),See DN-2761 (ID#:83606),667.18
85880,Nigeria,PMO - US,From RDC,N/A - From RDC,Air Charter,2-Aug-12,24-Jul-12,ARV,Adult,SCMS from RDC,SKU0058,"Abacavir 300mg, tablets, 60 Tabs",Generic,60,6100,79056,12.96,0.22,Mylan (formerly Matrix) Nashik,681,16532.5,110.84
85881,Nigeria,PMO - US,From RDC,N/A - From RDC,Air Charter,2-Aug-12,24-Jul-12,ARV,Adult,SCMS from RDC,SKU0107,"Lamivudine/Tenofovir Disoproxil Fumarate 300/300mg, tablets, 30 Tabs",Generic,30,28839,159768.06,5.54,0.18,Mylan (formerly Matrix) Nashik,See DN-2769 (ID#:83607),See DN-2769 (ID#:83607),223.99
85882,Rwanda,PMO - US,From RDC,N/A - From RDC,Air,31-Aug-12,16-Aug-12,ARV,Adult,SCMS from RDC,SKU0014,"Zidovudine 300mg, tablets, 60 Tabs",Generic,60,90,608.4,6.76,0.11,Hetero Unit III Hyderabad IN,5,721.36,0.85
85883,Côte d'Ivoire,PMO - US,From RDC,N/A - From RDC,Truck,20-Aug-12,18-Aug-12,ARV,Adult,SCMS from RDC,SKU0132,"Efavirenz/Emtricitabine/Tenofovir Disoproxil Fumarate 600/200/300mg, tablets, 30 Tabs",Generic,30,8640,129945.6,15.04,0.5,Mylan (formerly Matrix) Nashik,972,4754.53,182.18
85884,Uganda,PMO - US,From RDC,N/A - From RDC,Air,30-Oct-12,30-Oct-12,ARV,Adult,SCMS from RDC,SKU0107,"Lamivudine/Tenofovir Disoproxil Fumarate 300/300mg, tablets, 30 Tabs",Generic,30,40000,221600,5.54,0.18,"Aurobindo Unit VII, IN",See DN-2781 (ID#:83061),See DN-2781 (ID#:83061),310.68
85885,Rwanda,PMO - US,From RDC,N/A - From RDC,Air,24-Aug-12,16-Aug-12,ARV,Adult,SCMS from RDC,SKU0058,"Abacavir 300mg, tablets, 60 Tabs",Generic,60,10537,138561.55,13.15,0.22,"Aurobindo Unit III, India",1048,18613.69,194.26
85886,Nigeria,PMO - US,From RDC,N/A - From RDC,Air Charter,20-Aug-12,14-Aug-12,ARV,Adult,SCMS from RDC,SKU0011,"Lamivudine/Zidovudine 150/300mg, tablets, 60 Tabs",Generic,60,35120,280960,8,0.13,"Aurobindo Unit III, India",See DN-2791 (ID#:83064),See DN-2791 (ID#:83064),393.91
85887,Nigeria,PMO - US,From RDC,N/A - From RDC,Air Charter,20-Aug-12,14-Aug-12,ARV,Adult,SCMS from RDC,SKU0135,"Lopinavir/Ritonavir 200/50mg, tablets, 120 Tabs",Generic,120,17497,512837.07,29.31,0.24,"Aurobindo Unit III, India",4898,18461.22,719
85888,Côte d'Ivoire,PMO - US,From RDC,N/A - From RDC,Air,21-Aug-12,30-Aug-12,ARV,Adult,SCMS from RDC,SKU0014,"Zidovudine 300mg, tablets, 60 Tabs",Generic,60,9000,60840,6.76,0.11,"Aurobindo Unit III, India",486,3028.66,85.3
85889,Rwanda,PMO - US,From RDC,N/A - From RDC,Air,30-Nov-12,14-Sep-12,ARV,Adult,SCMS from RDC,SKU0026,"Efavirenz 600mg, tablets, 30 Tabs",Generic,30,51240,200348.4,3.91,0.13,"Aurobindo Unit III, India",4331,8684.7,280.89
85890,Zimbabwe,PMO - US,From RDC,N/A - From RDC,Truck,11-Dec-12,4-Sep-12,ARV,Adult,SCMS from RDC,SKU0107,"Lamivudine/Tenofovir Disoproxil Fumarate 300/300mg, tablets, 30 Tabs",Generic,30,33201,177957.36,5.36,0.18,Hetero Unit III Hyderabad IN,See DN-2804 (ID#:82499),See DN-2804 (ID#:82499),293.63
85891,Côte d'Ivoire,PMO - US,From RDC,N/A - From RDC,Truck,29-Oct-12,27-Aug-12,ARV,Adult,SCMS from RDC,SKU0113,"Efavirenz/Lamivudine/Tenofovir Disoproxil Fumarate 600/300/300mg, tablets, 30 Tabs",Generic,30,38160,506383.2,13.27,0.44,Mylan (formerly Matrix) Nashik,See DN-2813 (ID#:82501),See DN-2813 (ID#:82501),709.95
85892,"Congo, DRC",PMO - US,From RDC,N/A - From RDC,Air,14-Feb-13,14-Feb-13,ARV,Adult,SCMS from RDC,SKU0135,"Lopinavir/Ritonavir 200/50mg, tablets, 120 Tabs",Generic,120,306,8968.86,29.31,0.24,Mylan (formerly Matrix) Nashik,See DN-2812 (ID#:83068),See DN-2812 (ID#:83068),12.57
85893,Côte d'Ivoire,PMO - US,From RDC,N/A - From RDC,Truck,2-Oct-12,27-Aug-12,ARV,Adult,SCMS from RDC,SKU0011,"Lamivudine/Zidovudine 150/300mg, tablets, 60 Tabs",Generic,60,58380,450693.6,7.72,0.13,Mylan (formerly Matrix) Nashik,See DN-2816 (ID#:84747),See DN-2816 (ID#:84747),631.87
85894,Nigeria,PMO - US,From RDC,N/A - From RDC,Air,31-Aug-12,13-Aug-12,ARV,Adult,SCMS from RDC,SKU0007,"Nevirapine 200mg, tablets, 60 Tabs",Generic,60,53922,130491.24,2.42,0.04,"Strides, Bangalore, India.",9697,18461.22,182.95
85895,Côte d'Ivoire,PMO - US,From RDC,N/A - From RDC,Truck,28-Sep-12,31-Aug-12,ARV,Adult,SCMS from RDC,SKU0132,"Efavirenz/Emtricitabine/Tenofovir Disoproxil Fumarate 600/200/300mg, tablets, 30 Tabs",Generic,30,8640,129945.6,15.04,0.5,Mylan (formerly Matrix) Nashik,979,4869.4,182.18
85896,Uganda,PMO - US,From RDC,N/A - From RDC,Truck,24-Sep-12,24-Sep-12,ARV,Adult,SCMS from RDC,SKU0011,"Lamivudine/Zidovudine 150/300mg, tablets, 60 Tabs",Generic,60,1319,10552,8,0.13,Hetero Unit III Hyderabad IN,108,1618.01,14.79
85897,Uganda,PMO - US,From RDC,N/A - From RDC,Air,18-Oct-12,18-Oct-12,ARV,Adult,SCMS from RDC,SKU0007,"Nevirapine 200mg, tablets, 60 Tabs",Generic,60,30348,74049.12,2.44,0.04,Hetero Unit III Hyderabad IN,See DN-2830 (ID#:84751),See DN-2830 (ID#:84751),103.82
85898,Zambia,PMO - US,From RDC,N/A - From RDC,Truck,25-Sep-12,7-Sep-12,ARV,Adult,SCMS from RDC,SKU0007,"Nevirapine 200mg, tablets, 60 Tabs",Generic,60,41926,102299.44,2.44,0.04,Hetero Unit III Hyderabad IN,See DN-2833 (ID#:82506),See DN-2833 (ID#:82506),143.42
85899,Rwanda,PMO - US,From RDC,N/A - From RDC,Air,28-Sep-12,13-Sep-12,ARV,Adult,SCMS from RDC,SKU0007,"Nevirapine 200mg, tablets, 60 Tabs",Generic,60,10078,24590.32,2.44,0.04,"Strides, Bangalore, India.",See DN-2848 (ID#:83078),See DN-2848 (ID#:83078),34.48
85900,Côte d'Ivoire,PMO - US,From RDC,N/A - From RDC,Truck,29-Oct-12,1-Oct-12,ARV,Adult,SCMS from RDC,SKU0026,"Efavirenz 600mg, tablets, 30 Tabs",Generic,30,43772,166771.32,3.81,0.13,"Aurobindo Unit III, India",See DN-2861 (ID#:82513),See DN-2861 (ID#:82513),233.81
85901,Côte d'Ivoire,PMO - US,From RDC,N/A - From RDC,Air,31-Oct-12,5-Oct-12,ARV,Adult,SCMS from RDC,SKU0029,"Tenofovir Disoproxil Fumarate 300mg, tablets, 30 Tabs",Generic,30,1781,8584.42,4.82,0.16,Mylan (formerly Matrix) Nashik,99,1113,12.04
85902,Côte d'Ivoire,PMO - US,From RDC,N/A - From RDC,Truck,15-Oct-12,5-Oct-12,ARV,Adult,SCMS from RDC,SKU0132,"Efavirenz/Emtricitabine/Tenofovir Disoproxil Fumarate 600/200/300mg, tablets, 30 Tabs",Generic,30,10080,144950.4,14.38,0.48,Mylan (formerly Matrix) Nashik,1143,8158.93,203.22
85903,South Sudan,PMO - US,From RDC,N/A - From RDC,Air,30-Nov-12,30-Nov-12,ARV,Adult,SCMS from RDC,SKU0003,"Lamivudine 150mg, tablets, 60 Tabs",Generic,60,270,599.4,2.22,0.04,Hetero Unit III Hyderabad IN,See DN-2871 (ID#:83626),See DN-2871 (ID#:83626),0.84
85904,Côte d'Ivoire,PMO - US,From RDC,N/A - From RDC,Truck,30-Oct-12,24-Oct-12,ARV,Adult,SCMS from RDC,SKU0162,"Abacavir/Lamivudine 600/300mg, scored tablets, 30 Tabs",Generic,30,2880,64800,22.5,0.75,"Aurobindo Unit III, India",See DN-2880 (ID#:85310),See DN-2880 (ID#:85310),90.85
85905,Cameroon,PMO - US,From RDC,N/A - From RDC,Air Charter,24-Oct-12,17-Oct-12,ARV,Adult,SCMS from RDC,SKU0011,"Lamivudine/Zidovudine 150/300mg, tablets, 60 Tabs",Generic,60,28057,216600.04,7.72,0.13,Hetero Unit III Hyderabad IN,See DN-2886 (ID#:82519),See DN-2886 (ID#:82519),303.67
85906,Cameroon,PMO - US,From RDC,N/A - From RDC,Air Charter,24-Oct-12,17-Oct-12,ARV,Adult,SCMS from RDC,SKU0007,"Nevirapine 200mg, tablets, 60 Tabs",Generic,60,88208,213463.36,2.42,0.04,"Strides, Bangalore, India.",See DN-2886 (ID#:82519),See DN-2886 (ID#:82519),299.28
85907,Cameroon,PMO - US,From RDC,N/A - From RDC,Air Charter,7-Nov-12,17-Oct-12,ARV,Adult,SCMS from RDC,SKU0107,"Lamivudine/Tenofovir Disoproxil Fumarate 300/300mg, tablets, 30 Tabs",Generic,30,18486,99084.96,5.36,0.18,"Cipla, Kurkumbh, India",See DN-2887 (ID#:82520),See DN-2887 (ID#:82520),138.92
85908,Tanzania,PMO - US,From RDC,N/A - From RDC,Truck,30-Nov-12,6-Nov-12,ARV,Pediatric,SCMS from RDC,SKU0093,"Lamivudine/Nevirapine/Stavudine 30/50/6mg, dispersible tablets, 60 Tabs",Generic,60,17600,40480,2.3,0.04,"Cipla, Goa, India",3526,8977,56.75
85909,Uganda,PMO - US,From RDC,N/A - From RDC,Air,6-Dec-12,29-Oct-12,ARV,Adult,SCMS from RDC,SKU0007,"Nevirapine 200mg, tablets, 60 Tabs",Generic,60,510,1234.2,2.42,0.04,Hetero Unit III Hyderabad IN,See DN-2897 (ID#:84198),See DN-2897 (ID#:84198),1.73
85910,Mozambique,PMO - US,From RDC,N/A - From RDC,Truck,30-Nov-12,14-Nov-12,ARV,Adult,SCMS from RDC,SKU0054,"Lamivudine/Nevirapine/Zidovudine 150/200/300mg, tablets, 60 Tabs",Generic,60,149997,1471470.57,9.81,0.16,"Aurobindo Unit III, India",17605,6323.1,2063
85911,Mozambique,PMO - US,From RDC,N/A - From RDC,Truck,30-Nov-12,14-Nov-12,ARV,Adult,SCMS from RDC,SKU0011,"Lamivudine/Zidovudine 150/300mg, tablets, 60 Tabs",Generic,60,24732,190931.04,7.72,0.13,Hetero Unit III Hyderabad IN,2143,6323.1,267.69
85912,Zambia,PMO - US,From RDC,N/A - From RDC,Truck,15-Nov-12,5-Nov-12,ARV,Adult,SCMS from RDC,SKU0132,"Efavirenz/Emtricitabine/Tenofovir Disoproxil Fumarate 600/200/300mg, tablets, 30 Tabs",Generic,30,133000,1912540,14.38,0.48,Mylan (formerly Matrix) Nashik,15075,10809.09,2681.38
85913,Rwanda,PMO - US,From RDC,N/A - From RDC,Air,16-Jan-13,16-Jan-13,ARV,Adult,SCMS from RDC,SKU0104,"Lamivudine/Stavudine 150/30mg, tablets, 60 Tabs",Generic,60,5468,16130.6,2.95,0.05,Hetero Unit III Hyderabad IN,437,2928.4,22.62
85914,Rwanda,PMO - US,From RDC,N/A - From RDC,Air,16-Jan-13,16-Jan-13,ARV,Adult,SCMS from RDC,SKU0104,"Lamivudine/Stavudine 150/30mg, tablets, 60 Tabs",Generic,60,13152,38798.4,2.95,0.05,Hetero Unit III Hyderabad IN,1045,6152,54.4
85915,Zimbabwe,PMO - US,From RDC,N/A - From RDC,Truck,19-Nov-12,19-Nov-12,ARV,Pediatric,SCMS from RDC,SKU0131,"Lamivudine/Zidovudine 30/60mg, tablets, 60 Tabs",Generic,60,2267,6256.92,2.76,0.05,"Aurobindo Unit III, India",See DN-2913 (ID#:84764),See DN-2913 (ID#:84764),8.77
85916,Nigeria,PMO - US,From RDC,N/A - From RDC,Air,7-Nov-12,7-Nov-12,ARV,Adult,SCMS from RDC,SKU0054,"Lamivudine/Nevirapine/Zidovudine 150/200/300mg, tablets, 60 Tabs",Generic,60,116000,1115920,9.62,0.16,Hetero Unit III Hyderabad IN,17521,15459.09,1564.52
85917,Nigeria,PMO - US,From RDC,N/A - From RDC,Air,15-Nov-12,6-Nov-12,ARV,Adult,SCMS from RDC,SKU0113,"Efavirenz/Lamivudine/Tenofovir Disoproxil Fumarate 600/300/300mg, tablets, 30 Tabs",Generic,30,56404,748481.08,13.27,0.44,Mylan (formerly Matrix) Nashik,6886,15459.09,1049.37
85918,Nigeria,PMO - US,From RDC,N/A - From RDC,Air,30-Nov-12,4-Dec-12,ARV,Adult,SCMS from RDC,SKU0107,"Lamivudine/Tenofovir Disoproxil Fumarate 300/300mg, tablets, 30 Tabs",Generic,30,15594,83583.84,5.36,0.18,"Cipla, Kurkumbh, India",See DN-2945 (ID#:82533),See DN-2945 (ID#:82533),117.18
85919,Uganda,PMO - US,From RDC,N/A - From RDC,Truck,5-Feb-13,5-Feb-13,ARV,Adult,SCMS from RDC,SKU0107,"Lamivudine/Tenofovir Disoproxil Fumarate 300/300mg, tablets, 30 Tabs",Generic,30,48,257.28,5.36,0.18,Hetero Unit III Hyderabad IN,5,673.25,0.36
85920,Mozambique,PMO - US,From RDC,N/A - From RDC,Truck,31-Jan-13,11-Jan-13,ARV,Adult,SCMS from RDC,SKU0054,"Lamivudine/Nevirapine/Zidovudine 150/200/300mg, tablets, 60 Tabs",Generic,60,67271,647147.02,9.62,0.16,"Aurobindo Unit III, India",7899,7433.01,907.3
85921,Côte d'Ivoire,PMO - US,From RDC,N/A - From RDC,Truck,31-Jan-13,25-Jan-12,ARV,Adult,SCMS from RDC,SKU0054,"Lamivudine/Nevirapine/Zidovudine 150/200/300mg, tablets, 60 Tabs",Generic,60,40455,389177.1,9.62,0.16,Hetero Unit III Hyderabad IN,See DN-2970 (ID#:83644),See DN-2970 (ID#:83644),545.63
85922,Uganda,PMO - US,From RDC,N/A - From RDC,Air,31-Jan-13,1-Feb-13,ARV,Adult,SCMS from RDC,SKU0007,"Nevirapine 200mg, tablets, 60 Tabs",Generic,60,699,1691.58,2.42,0.04,Hetero Unit III Hyderabad IN,See DN-2971 (ID#:84212),See DN-2971 (ID#:84212),2.37
85923,Zimbabwe,PMO - US,From RDC,N/A - From RDC,Air,15-Feb-13,24-Jan-13,ARV,Adult,SCMS from RDC,SKU0135,"Lopinavir/Ritonavir 200/50mg, tablets, 120 Tabs",Generic,120,1573,38947.48,24.76,0.21,"Aurobindo Unit III, India",388,2392,48.18
85924,Uganda,PMO - US,From RDC,N/A - From RDC,Air,2-Feb-13,2-Feb-13,ARV,Adult,SCMS from RDC,SKU0054,"Lamivudine/Nevirapine/Zidovudine 150/200/300mg, tablets, 60 Tabs",Generic,60,3235,31120.7,9.62,0.16,Hetero Unit III Hyderabad IN,See DN-2952 (ID#:82537),See DN-2952 (ID#:82537),43.63
85925,"Congo, DRC",PMO - US,From RDC,N/A - From RDC,Air,11-Sep-13,11-Sep-13,ARV,Adult,SCMS from RDC,SKU0054,"Lamivudine/Nevirapine/Zidovudine 150/200/300mg, tablets, 60 Tabs",Generic,60,24391,218787.27,8.97,0.15,"Aurobindo Unit III, India",See DN-2981 (ID#:82538),See DN-2981 (ID#:82538),270.64
85926,Tanzania,PMO - US,From RDC,N/A - From RDC,Truck,11-Mar-13,18-Feb-13,ARV,Adult,SCMS from RDC,SKU0132,"Efavirenz/Emtricitabine/Tenofovir Disoproxil Fumarate 600/200/300mg, tablets, 30 Tabs",Generic,30,65379,895038.51,13.69,0.46,Mylan (formerly Matrix) Nashik,7385,Freight Included in Commodity Cost,1254.84
85927,Uganda,PMO - US,From RDC,N/A - From RDC,Air,22-Feb-13,25-Feb-13,ARV,Pediatric,SCMS from RDC,SKU0131,"Lamivudine/Zidovudine 30/60mg, tablets, 60 Tabs",Generic,60,2512,5677.12,2.26,0.04,"Aurobindo Unit III, India",177,3255.61,7.02
85928,Zambia,PMO - US,From RDC,N/A - From RDC,Truck,19-Feb-13,19-Feb-13,ARV,Pediatric,SCMS from RDC,SKU0145,"Abacavir 20mg/ml, oral solution w/syringe, Bottle, 240 ml",Generic,240,3648,44067.84,12.08,0.05,"Aurobindo Unit III, India",974,6923.53,61.78
85929,Nigeria,PMO - US,From RDC,N/A - From RDC,Air Charter,11-Feb-13,11-Feb-13,ARV,Adult,SCMS from RDC,SKU0007,"Nevirapine 200mg, tablets, 60 Tabs",Generic,60,107500,248325,2.31,0.04,"Strides, Bangalore, India.",See DN-2996 (ID#:84784),See DN-2996 (ID#:84784),348.15
85930,Nigeria,PMO - US,From RDC,N/A - From RDC,Air Charter,11-Feb-13,11-Feb-13,ARV,Adult,SCMS from RDC,SKU0011,"Lamivudine/Zidovudine 150/300mg, tablets, 60 Tabs",Generic,60,162827,1183752.29,7.27,0.12,"Aurobindo Unit III, India",See DN-2997 (ID#:85328),See DN-2997 (ID#:85328),1659.62
85931,Nigeria,PMO - US,From RDC,N/A - From RDC,Air Charter,11-Feb-13,11-Feb-13,ARV,Adult,SCMS from RDC,SKU0011,"Lamivudine/Zidovudine 150/300mg, tablets, 60 Tabs",Generic,60,44383,322664.41,7.27,0.12,Mylan (formerly Matrix) Nashik,See DN-2997 (ID#:85328),See DN-2997 (ID#:85328),452.38
85932,Uganda,PMO - US,From RDC,N/A - From RDC,Air,22-Feb-13,20-Feb-13,ARV,Adult,SCMS from RDC,SKU0026,"Efavirenz 600mg, tablets, 30 Tabs",Generic,30,9354,33300.24,3.56,0.12,"Aurobindo Unit III, India",See DN-3001 (ID#:83651),See DN-3001 (ID#:83651),41.19
85936,Uganda,PMO - US,From RDC,N/A - From RDC,Air,4-Mar-13,4-Mar-13,ARV,Adult,SCMS from RDC,SKU0135,"Lopinavir/Ritonavir 200/50mg, tablets, 120 Tabs",Generic,120,8494,210311.44,24.76,0.21,"Aurobindo Unit III, India",2089,17032.59,260.16
85938,"Congo, DRC",PMO - US,From RDC,N/A - From RDC,Air,18-Mar-13,8-Aug-13,ARV,Pediatric,SCMS from RDC,SKU0117,"Zidovudine 10mg/ml, oral solution w/syringe, Bottle, 240 ml",Generic,240,738,1549.8,2.1,0.01,"Aurobindo Unit III, India",See DN-3017 (ID#:83108),See DN-3017 (ID#:83108),1.92
85939,Côte d'Ivoire,PMO - US,From RDC,N/A - From RDC,Truck,28-Mar-13,28-Feb-13,ARV,Adult,SCMS from RDC,SKU0029,"Tenofovir Disoproxil Fumarate 300mg, tablets, 30 Tabs",Generic,30,5800,23432,4.04,0.13,Mylan (formerly Matrix) Nashik,See DN-3021 (ID#:82544),See DN-3021 (ID#:82544),32.85
85940,Zimbabwe,PMO - US,From RDC,N/A - From RDC,Truck,14-Mar-13,14-Mar-13,ARV,Adult,SCMS from RDC,SKU0007,"Nevirapine 200mg, tablets, 60 Tabs",Generic,60,60096,135816.96,2.26,0.04,"Aurobindo Unit III, India",See DN-3030 (ID#:82549),See DN-3030 (ID#:82549),190.42
85941,Zimbabwe,PMO - US,From RDC,N/A - From RDC,Truck,31-Mar-13,14-Mar-13,ARV,Pediatric,SCMS from RDC,SKU0140,"Lamivudine/Nevirapine/Zidovudine 30/50/60mg, dispersible tablets, 60 Tabs",Generic,60,39850,165377.5,4.15,0.07,Mylan (formerly Matrix) Nashik,See DN-3032 (ID#:82551),See DN-3032 (ID#:82551),231.86
85942,Uganda,PMO - US,From RDC,N/A - From RDC,Air,29-Mar-13,1-Mar-13,ARV,Pediatric,SCMS from RDC,SKU0142,"Efavirenz 200mg, scored tablets, 90 Tabs",Generic,90,257,1876.1,7.3,0.08,"Strides, Bangalore, India.",See DN-3034 (ID#:84791),See DN-3034 (ID#:84791),2.32
85943,Haiti,PMO - US,From RDC,N/A - From RDC,Air,9-Apr-13,14-Mar-13,ARV,Adult,SCMS from RDC,SKU0058,"Abacavir 300mg, tablets, 60 Tabs",Generic,60,2610,33825.6,12.96,0.22,"Aurobindo Unit III, India",See DN-3015 (ID#:82554),See DN-3015 (ID#:82554),41.84
85944,Haiti,PMO - US,From RDC,N/A - From RDC,Air,9-Apr-13,14-Mar-13,ARV,Pediatric,SCMS from RDC,SKU0117,"Zidovudine 10mg/ml, oral solution w/syringe, Bottle, 240 ml",Generic,240,1951,4097.1,2.1,0.01,"Aurobindo Unit III, India",See DN-3015 (ID#:82554),See DN-3015 (ID#:82554),5.07
85945,Nigeria,PMO - US,From RDC,N/A - From RDC,Air Charter,15-Mar-13,21-Feb-13,ARV,Adult,SCMS from RDC,SKU0011,"Lamivudine/Zidovudine 150/300mg, tablets, 60 Tabs",Generic,60,50000,363500,7.27,0.12,Hetero Unit III Hyderabad IN,See DN-3029 (ID#:82556),See DN-3029 (ID#:82556),509.63
85947,Zimbabwe,PMO - US,From RDC,N/A - From RDC,Truck,15-Apr-13,14-Mar-13,ARV,Adult,SCMS from RDC,SKU0107,"Lamivudine/Tenofovir Disoproxil Fumarate 300/300mg, tablets, 30 Tabs",Generic,30,132320,621904,4.7,0.16,"Aurobindo Unit VII, IN",12328,9405.81,871.91
85948,Mozambique,PMO - US,From RDC,N/A - From RDC,Truck,8-Apr-13,16-Apr-13,ARV,Adult,SCMS from RDC,SKU0107,"Lamivudine/Tenofovir Disoproxil Fumarate 300/300mg, tablets, 30 Tabs",Generic,30,7680,36096,4.7,0.16,"Aurobindo Unit VII, IN",See DN-3063 (ID#:84799),See DN-3063 (ID#:84799),50.61
85951,Côte d'Ivoire,PMO - US,From RDC,N/A - From RDC,Truck,30-Apr-13,10-May-13,ARV,Pediatric,SCMS from RDC,SKU0117,"Zidovudine 10mg/ml, oral solution w/syringe, Bottle, 240 ml",Generic,240,3000,6300,2.1,0.01,"Aurobindo Unit III, India",1159,5405.25,7.79
85952,Zimbabwe,PMO - US,From RDC,N/A - From RDC,Truck,30-Apr-13,8-Apr-13,ARV,Adult,SCMS from RDC,SKU0007,"Nevirapine 200mg, tablets, 60 Tabs",Generic,60,86515,195523.9,2.26,0.04,Hetero Unit III Hyderabad IN,See DN-3084 (ID#:83125),See DN-3084 (ID#:83125),241.86
85953,Mozambique,PMO - US,From RDC,N/A - From RDC,Truck,19-Apr-13,19-Apr-13,ARV,Adult,SCMS from RDC,SKU0113,"Efavirenz/Lamivudine/Tenofovir Disoproxil Fumarate 600/300/300mg, tablets, 30 Tabs",Generic,30,22000,266420,12.11,0.4,Mylan (formerly Matrix) Nashik,2503,4120.69,373.52
85955,Côte d'Ivoire,PMO - US,From RDC,N/A - From RDC,Truck,28-Mar-13,30-Mar-13,ARV,Adult,SCMS from RDC,SKU0011,"Lamivudine/Zidovudine 150/300mg, tablets, 60 Tabs",Generic,60,43848,318774.96,7.27,0.12,"Cipla, Goa, India",See DN-3075 (ID#:83129),See DN-3075 (ID#:83129),446.92
85956,Tanzania,PMO - US,From RDC,N/A - From RDC,Truck,31-May-13,14-May-13,ARV,Adult,SCMS from RDC,SKU0132,"Efavirenz/Emtricitabine/Tenofovir Disoproxil Fumarate 600/200/300mg, tablets, 30 Tabs",Generic,30,19014,260301.66,13.69,0.46,Mylan (formerly Matrix) Nashik,See DN-3101 (ID#:83672),See DN-3101 (ID#:83672),321.99
85958,Mozambique,PMO - US,From RDC,N/A - From RDC,Truck,6-Jun-13,20-Jun-13,ARV,Adult,SCMS from RDC,SKU0014,"Zidovudine 300mg, tablets, 60 Tabs",Generic,60,2151,14067.54,6.54,0.11,"Aurobindo Unit III, India",See DN-3110 (ID#:84809),See DN-3110 (ID#:84809),17.4
85959,Mozambique,PMO - US,From RDC,N/A - From RDC,Truck,6-Jun-13,20-Jun-13,ARV,Adult,SCMS from RDC,SKU0014,"Zidovudine 300mg, tablets, 60 Tabs",Generic,60,567,3708.18,6.54,0.11,Hetero Unit III Hyderabad IN,See DN-3110 (ID#:84809),See DN-3110 (ID#:84809),4.59
85960,South Sudan,PMO - US,From RDC,N/A - From RDC,Air,30-Apr-13,24-Apr-13,ARV,Adult,SCMS from RDC,SKU0135,"Lopinavir/Ritonavir 200/50mg, tablets, 120 Tabs",Generic,120,507,12553.32,24.76,0.21,"Aurobindo Unit III, India",See DN-3125 (ID#:82571),See DN-3125 (ID#:82571),15.53
85961,South Sudan,PMO - US,From RDC,N/A - From RDC,Air,30-Apr-13,24-Apr-13,ARV,Pediatric,SCMS from RDC,SKU0131,"Lamivudine/Zidovudine 30/60mg, tablets, 60 Tabs",Generic,60,132,298.32,2.26,0.04,Mylan (formerly Matrix) Nashik,See DN-3125 (ID#:82571),See DN-3125 (ID#:82571),0.37
85962,Zimbabwe,PMO - US,From RDC,N/A - From RDC,Truck,30-May-13,29-Apr-13,ARV,Adult,SCMS from RDC,SKU0007,"Nevirapine 200mg, tablets, 60 Tabs",Generic,60,131520,297235.2,2.26,0.04,"Cipla, Goa, India",See DN-3132 (ID#:83681),See DN-3132 (ID#:83681),367.68
85963,Côte d'Ivoire,PMO - US,From RDC,N/A - From RDC,Truck,28-Jun-13,30-Apr-13,ARV,Pediatric,SCMS from RDC,SKU0138,"Abacavir/Lamivudine 60/30mg, tablets, 60 Tabs",Generic,60,2600,11960,4.6,0.08,"Aurobindo Unit III, India",122,1799.58,14.79
85964,Nigeria,PMO - US,From RDC,N/A - From RDC,Air Charter,21-May-13,3-May-13,ARV,Adult,SCMS from RDC,SKU0054,"Lamivudine/Nevirapine/Zidovudine 150/200/300mg, tablets, 60 Tabs",Generic,60,36278,311265.24,8.58,0.14,"Cipla, Goa, India",4943,14547.55,385.04
85965,Uganda,PMO - US,From RDC,N/A - From RDC,Air,9-May-13,22-May-13,ARV,Adult,SCMS from RDC,SKU0113,"Efavirenz/Lamivudine/Tenofovir Disoproxil Fumarate 600/300/300mg, tablets, 30 Tabs",Generic,30,61394,645864.88,10.52,0.35,Hetero Unit III Hyderabad IN,8115,13817.65,798.93
85966,Nigeria,PMO - US,From RDC,N/A - From RDC,Air,21-May-13,23-May-13,ARV,Pediatric,SCMS from RDC,SKU0108,"Lamivudine/Nevirapine/Stavudine 60/100/12mg, dispersible tablets, 60 Tabs",Generic,60,2027,8716.1,4.3,0.07,"Cipla, Goa, India",218,1941.82,10.78
85967,Uganda,PMO - US,From RDC,N/A - From RDC,Truck,31-May-13,30-May-13,ARV,Adult,SCMS from RDC,SKU0107,"Lamivudine/Tenofovir Disoproxil Fumarate 300/300mg, tablets, 30 Tabs",Generic,30,1380,6486,4.7,0.16,"Aurobindo Unit VII, IN",142,1034.64,8.02
85969,Nigeria,PMO - US,From RDC,N/A - From RDC,Air Charter,4-Jun-13,10-May-13,ARV,Adult,SCMS from RDC,SKU0026,"Efavirenz 600mg, tablets, 30 Tabs",Generic,30,47091,156813.03,3.33,0.11,"Strides, Bangalore, India.",See DN-3173 (ID#:83687),See DN-3173 (ID#:83687),193.98
85970,Nigeria,PMO - US,From RDC,N/A - From RDC,Air Charter,4-Jun-13,10-May-13,ARV,Adult,SCMS from RDC,SKU0026,"Efavirenz 600mg, tablets, 30 Tabs",Generic,30,120000,399600,3.33,0.11,"Hetero, Jadcherla, unit 5, IN",See DN-3173 (ID#:83687),See DN-3173 (ID#:83687),494.31
85971,Zambia,PMO - US,From RDC,N/A - From RDC,Truck,25-Jun-13,29-May-13,ARV,Adult,SCMS from RDC,SKU0007,"Nevirapine 200mg, tablets, 60 Tabs",Generic,60,96800,223608,2.31,0.04,"Cipla, Goa, India",11808,17650.15,276.6
85972,Tanzania,PMO - US,From RDC,N/A - From RDC,Truck,28-Jun-13,23-May-13,ARV,Pediatric,SCMS from RDC,SKU0126,"Nevirapine 10mg/ml, oral suspension w/syringe, Bottle, 240 ml",Generic,240,24977,48705.15,1.95,0.01,"Aurobindo Unit III, India",9174,7185.6,68.28
85974,Zambia,PMO - US,From RDC,N/A - From RDC,Truck,15-Jul-13,23-Jul-13,ARV,Adult,SCMS from RDC,SKU0132,"Efavirenz/Emtricitabine/Tenofovir Disoproxil Fumarate 600/200/300mg, tablets, 30 Tabs",Generic,30,78787,1021079.52,12.96,0.43,Mylan (formerly Matrix) Nashik,9347,Freight Included in Commodity Cost,1431.55
85975,Mozambique,PMO - US,From RDC,N/A - From RDC,Truck,31-Jul-13,26-Jul-13,ARV,Adult,SCMS from RDC,SKU0014,"Zidovudine 300mg, tablets, 60 Tabs",Generic,60,5320,34101.2,6.41,0.11,"Aurobindo Unit III, India",273,5496.08,42.18
85977,Cameroon,PMO - US,From RDC,N/A - From RDC,Air Charter,22-Jul-13,31-Jul-13,ARV,Adult,SCMS from RDC,SKU0113,"Efavirenz/Lamivudine/Tenofovir Disoproxil Fumarate 600/300/300mg, tablets, 30 Tabs",Generic,30,45000,473400,10.52,0.35,Hetero Unit III Hyderabad IN,See DN-3227 (ID#:82589),See DN-3227 (ID#:82589),585.6
85978,Zimbabwe,PMO - US,From RDC,N/A - From RDC,Truck,31-Jul-13,6-Aug-13,ARV,Adult,SCMS from RDC,SKU0107,"Lamivudine/Tenofovir Disoproxil Fumarate 300/300mg, tablets, 30 Tabs",Generic,30,131520,618144,4.7,0.16,"Aurobindo Unit VII, IN",See DN-3231 (ID#:84831),See DN-3231 (ID#:84831),764.64
85979,Zimbabwe,PMO - US,From RDC,N/A - From RDC,Truck,30-Jul-13,6-Aug-13,ARV,Pediatric,SCMS from RDC,SKU0140,"Lamivudine/Nevirapine/Zidovudine 30/50/60mg, dispersible tablets, 60 Tabs",Generic,60,14217,59000.55,4.15,0.07,Mylan (formerly Matrix) Nashik,See DN-3232 (ID#:85378),See DN-3232 (ID#:85378),72.98
85980,Côte d'Ivoire,PMO - US,From RDC,N/A - From RDC,Truck,31-Jul-13,6-Aug-13,ARV,Adult,SCMS from RDC,SKU0135,"Lopinavir/Ritonavir 200/50mg, tablets, 120 Tabs",Generic,120,16000,336000,21,0.18,"Aurobindo Unit III, India",3893,17548.41,415.63
85981,Côte d'Ivoire,PMO - US,From RDC,N/A - From RDC,Truck,31-Jul-13,6-Aug-13,ARV,Pediatric,SCMS from RDC,SKU0117,"Zidovudine 10mg/ml, oral solution w/syringe, Bottle, 240 ml",Generic,240,2000,4200,2.1,0.01,"Aurobindo Unit III, India",See DN-3216 (ID#:83701),See DN-3216 (ID#:83701),5.2
85982,Nigeria,PMO - US,From RDC,N/A - From RDC,Air Charter,21-Aug-13,30-Jul-13,ARV,Pediatric,SCMS from RDC,SKU0140,"Lamivudine/Nevirapine/Zidovudine 30/50/60mg, dispersible tablets, 60 Tabs",Generic,60,19000,78850,4.15,0.07,"Cipla, Goa, India",2511,Freight Included in Commodity Cost,97.54
85983,Côte d'Ivoire,PMO - US,From RDC,N/A - From RDC,Truck,31-Oct-13,23-Jul-13,ARV,Adult,SCMS from RDC,SKU0162,"Abacavir/Lamivudine 600/300mg, scored tablets, 30 Tabs",Generic,30,1789,24187.28,13.52,0.45,Mylan (formerly Matrix) Nashik,162,1478.34,29.92
85985,Nigeria,PMO - US,From RDC,N/A - From RDC,Air Charter,21-Aug-13,23-Jul-13,ARV,Adult,SCMS from RDC,SKU0054,"Lamivudine/Nevirapine/Zidovudine 150/200/300mg, tablets, 60 Tabs",Generic,60,26,223.08,8.58,0.14,Hetero Unit III Hyderabad IN,33051,Freight Included in Commodity Cost,0.28
85986,Burundi,PMO - US,From RDC,N/A - From RDC,Air,24-Aug-13,26-Aug-13,ARV,Adult,SCMS from RDC,SKU0011,"Lamivudine/Zidovudine 150/300mg, tablets, 60 Tabs",Generic,60,8040,56280,7,0.12,Hetero Unit III Hyderabad IN,See DN-3257 (ID#:83148),See DN-3257 (ID#:83148),69.62
85987,Uganda,PMO - US,From RDC,N/A - From RDC,Air,2-Sep-13,2-Sep-13,ARV,Adult,SCMS from RDC,SKU0054,"Lamivudine/Nevirapine/Zidovudine 150/200/300mg, tablets, 60 Tabs",Generic,60,14010,120205.8,8.58,0.14,"Cipla, Goa, India",See DN-3271 (ID#:85394),See DN-3271 (ID#:85394),148.69
85989,Mozambique,PMO - US,From RDC,N/A - From RDC,Truck,9-Oct-13,9-Oct-13,ARV,Adult,SCMS from RDC,SKU0113,"Efavirenz/Lamivudine/Tenofovir Disoproxil Fumarate 600/300/300mg, tablets, 30 Tabs",Generic,30,125320,1318366.4,10.52,0.35,Hetero Unit III Hyderabad IN,16498,10825.06,1630.82
85990,Mozambique,PMO - US,From RDC,N/A - From RDC,Truck,27-Sep-13,27-Sep-13,ARV,Pediatric,SCMS from RDC,SKU0117,"Zidovudine 10mg/ml, oral solution w/syringe, Bottle, 240 ml",Generic,240,13100,27510,2.1,0.01,"Aurobindo Unit III, India",5291,4044.33,34.03
85991,Mozambique,PMO - US,From RDC,N/A - From RDC,Truck,13-Nov-13,13-Nov-13,ARV,Adult,SCMS from RDC,SKU0007,"Nevirapine 200mg, tablets, 60 Tabs",Generic,60,2000,4520,2.26,0.04,"Cipla, Goa, India",See DN-3289 (ID#:84844),See DN-3289 (ID#:84844),5.59
85992,Mozambique,PMO - US,From RDC,N/A - From RDC,Truck,13-Nov-13,13-Nov-13,ARV,Adult,SCMS from RDC,SKU0107,"Lamivudine/Tenofovir Disoproxil Fumarate 300/300mg, tablets, 30 Tabs",Generic,30,4969,23354.3,4.7,0.16,Hetero Unit III Hyderabad IN,See DN-3289 (ID#:84844),See DN-3289 (ID#:84844),28.89
85993,Uganda,PMO - US,From RDC,N/A - From RDC,Air,27-Sep-13,27-Sep-13,ARV,Adult,SCMS from RDC,SKU0007,"Nevirapine 200mg, tablets, 60 Tabs",Generic,60,47925,108310.5,2.26,0.04,Hetero Unit III Hyderabad IN,2933,20719.01,133.98
85994,Tanzania,PMO - US,From RDC,N/A - From RDC,Truck,25-Oct-13,1-Oct-13,ARV,Pediatric,SCMS from RDC,SKU0070,"Lamivudine/Stavudine 30/6mg, dispersible tablets, 60 Tabs",Generic,60,926,1759.4,1.9,0.03,"Cipla, Goa, India",See DN-3300 (ID#:82601),See DN-3300 (ID#:82601),2.18
85995,Zambia,PMO - US,From RDC,N/A - From RDC,Truck,22-Oct-13,22-Oct-13,ARV,Adult,SCMS from RDC,SKU0007,"Nevirapine 200mg, tablets, 60 Tabs",Generic,60,39180,88546.8,2.26,0.04,Hetero Unit III Hyderabad IN,See DN-3298 (ID#:84283),See DN-3298 (ID#:84283),109.53
85996,Côte d'Ivoire,PMO - US,From RDC,N/A - From RDC,Truck,8-Jan-14,13-Sep-13,ARV,Adult,SCMS from RDC,SKU0107,"Lamivudine/Tenofovir Disoproxil Fumarate 300/300mg, tablets, 30 Tabs",Generic,30,12180,57246,4.7,0.16,"Aurobindo Unit VII, IN",1208,3738.52,70.81
85997,Tanzania,PMO - US,From RDC,N/A - From RDC,Truck,31-Oct-13,8-Oct-13,ARV,Adult,SCMS from RDC,SKU0008,"Lopinavir/Ritonavir 200/50mg [Aluvia], tablets, 120 Tabs",Aluvia,120,17167,347116.74,20.22,0.17,ABBVIE Ludwigshafen Germany,3547,6052.1,429.38
85998,Nigeria,PMO - US,From RDC,N/A - From RDC,Air Charter,20-Sep-13,12-Sep-13,ARV,Adult,SCMS from RDC,SKU0162,"Abacavir/Lamivudine 600/300mg, scored tablets, 30 Tabs",Generic,30,284,3839.68,13.52,0.45,Mylan (formerly Matrix) Nashik,48,34218.36,4.75
86000,Nigeria,PMO - US,From RDC,N/A - From RDC,Air Charter,20-Sep-13,12-Sep-13,ARV,Pediatric,SCMS from RDC,SKU0140,"Lamivudine/Nevirapine/Zidovudine 30/50/60mg, dispersible tablets, 60 Tabs",Generic,60,46050,179134.5,3.89,0.06,Mylan (formerly Matrix) Nashik,2847,5703.06,221.59
86001,Zambia,PMO - US,From RDC,N/A - From RDC,Truck,30-Sep-13,17-Sep-13,ARV,Adult,SCMS from RDC,SKU0058,"Abacavir 300mg, tablets, 60 Tabs",Generic,60,3908,44785.68,11.46,0.19,"Aurobindo Unit III, India",See DN-3327 (ID#:85400),See DN-3327 (ID#:85400),55.4
86003,Rwanda,PMO - US,From RDC,N/A - From RDC,Air,31-Oct-13,24-Oct-13,ARV,Adult,SCMS from RDC,SKU0162,"Abacavir/Lamivudine 600/300mg, scored tablets, 30 Tabs",Generic,30,3316,44832.32,13.52,0.45,Mylan (formerly Matrix) Nashik,292,2593.56,55.46
86005,Uganda,PMO - US,From RDC,N/A - From RDC,Truck,21-Oct-13,8-Nov-13,ARV,Adult,SCMS from RDC,SKU0107,"Lamivudine/Tenofovir Disoproxil Fumarate 300/300mg, tablets, 30 Tabs",Generic,30,21709,102032.3,4.7,0.16,Mylan (formerly Matrix) Nashik,1713,5591.3,126.21
86007,Dominican Republic,PMO - US,From RDC,N/A - From RDC,Air,29-Oct-13,10-Oct-13,ARV,Adult,SCMS from RDC,SKU0003,"Lamivudine 150mg, tablets, 60 Tabs",Generic,60,6617,13167.83,1.99,0.03,Hetero Unit III Hyderabad IN,See DN-3355 (ID#:83726),See DN-3355 (ID#:83726),16.29
86008,Tanzania,PMO - US,From RDC,N/A - From RDC,Truck,31-Oct-13,4-Nov-13,ARV,Adult,SCMS from RDC,SKU0105,"Emtricitabine/Tenofovir Disoproxil Fumarate 200/300mg, tablets, 30 Tabs",Generic,30,3478,21111.46,6.07,0.2,Mylan (formerly Matrix) Nashik,See DN-3347 (ID#:82611),See DN-3347 (ID#:82611),26.11
86009,Zimbabwe,PMO - US,From RDC,N/A - From RDC,Truck,30-Nov-13,22-Oct-13,ARV,Pediatric,SCMS from RDC,SKU0142,"Efavirenz 200mg, scored tablets, 90 Tabs",Generic,90,1000,9300,9.3,0.1,"Strides, Bangalore, India.",68,1004.86,11.5
86010,Nigeria,PMO - US,From RDC,N/A - From RDC,Air Charter,31-Oct-13,14-Oct-13,ARV,Adult,SCMS from RDC,SKU0008,"Lopinavir/Ritonavir 200/50mg [Aluvia], tablets, 120 Tabs",Aluvia,120,56260,1137577.2,20.22,0.17,ABBVIE Ludwigshafen Germany,12427,20225.08,1407.18
86014,Zimbabwe,PMO - US,From RDC,N/A - From RDC,Truck,30-Nov-13,25-Nov-13,ARV,Adult,SCMS from RDC,SKU0113,"Efavirenz/Lamivudine/Tenofovir Disoproxil Fumarate 600/300/300mg, tablets, 30 Tabs",Generic,30,37696,420310.4,11.15,0.37,Hetero Unit III Hyderabad IN,5093,10942.89,519.92
86015,Uganda,PMO - US,From RDC,N/A - From RDC,Truck,16-Dec-13,20-Dec-13,ARV,Pediatric,SCMS from RDC,SKU0131,"Lamivudine/Zidovudine 30/60mg, tablets, 60 Tabs",Generic,60,4160,8944,2.15,0.04,Mylan (formerly Matrix) Nashik,See DN-3402 (ID#:83735),See DN-3402 (ID#:83735),9.19
86017,Zimbabwe,PMO - US,From RDC,N/A - From RDC,Truck,30-Nov-13,25-Nov-13,ARV,Adult,SCMS from RDC,SKU0107,"Lamivudine/Tenofovir Disoproxil Fumarate 300/300mg, tablets, 30 Tabs",Generic,30,83551,401880.31,4.81,0.16,Hetero Unit III Hyderabad IN,See DN-3413 (ID#:83181),See DN-3413 (ID#:83181),497.13
86018,Uganda,PMO - US,From RDC,N/A - From RDC,Truck,31-Dec-13,28-Nov-13,ARV,Adult,SCMS from RDC,SKU0026,"Efavirenz 600mg, tablets, 30 Tabs",Generic,30,66864,222657.12,3.33,0.11,"Strides, Bangalore, India.",4067,6976.78,275.43
86019,Burundi,PMO - US,From RDC,N/A - From RDC,Air,31-Dec-13,17-Feb-14,ARV,Pediatric,SCMS from RDC,SKU0130,"Lamivudine 10mg/ml, oral solution w/syringe, Bottle, 240 ml",Generic,240,549,796.05,1.45,0.01,"Aurobindo Unit III, India",201,1530.81,0.98
86020,Guyana,PMO - US,From RDC,N/A - From RDC,Air,31-Dec-13,2-Dec-13,ARV,Adult,SCMS from RDC,SKU0008,"Lopinavir/Ritonavir 200/50mg [Aluvia], tablets, 120 Tabs",Aluvia,120,1490,30127.8,20.22,0.17,ABBVIE Ludwigshafen Germany,See DN-3425 (ID#:82618),See DN-3425 (ID#:82618),37.27
86021,Mozambique,PMO - US,From RDC,N/A - From RDC,Truck,15-Jan-14,15-Jan-14,ARV,Adult,SCMS from RDC,SKU0107,"Lamivudine/Tenofovir Disoproxil Fumarate 300/300mg, tablets, 30 Tabs",Generic,30,2575,12102.5,4.7,0.16,Hetero Unit III Hyderabad IN,272,5419.22,14.97
86022,Côte d'Ivoire,PMO - US,From RDC,N/A - From RDC,Truck,3-Dec-13,10-Dec-13,ARV,Pediatric,SCMS from RDC,SKU0126,"Nevirapine 10mg/ml, oral suspension w/syringe, Bottle, 240 ml",Generic,240,2000,3900,1.95,0.01,"Aurobindo Unit III, India",736,4747.87,4.82
86023,Nigeria,PMO - US,From RDC,N/A - From RDC,Air Charter,31-Jan-14,26-Nov-13,ARV,Pediatric,SCMS from RDC,SKU0131,"Lamivudine/Zidovudine 30/60mg, tablets, 60 Tabs",Generic,60,6398,14459.48,2.26,0.04,"Aurobindo Unit III, India",394,26340,17.89
86024,Mozambique,PMO - US,From RDC,N/A - From RDC,Truck,31-Jan-14,30-Jan-14,ARV,Adult,SCMS from RDC,SKU0026,"Efavirenz 600mg, tablets, 30 Tabs",Generic,30,50000,166500,3.33,0.11,"Cipla, Goa, India",See DN-3439 (ID#:85423),See DN-3439 (ID#:85423),205.96
86025,Rwanda,PMO - US,From RDC,N/A - From RDC,Truck,17-Dec-13,11-Dec-13,ARV,Adult,SCMS from RDC,SKU0008,"Lopinavir/Ritonavir 200/50mg [Aluvia], tablets, 120 Tabs",Aluvia,120,11193,226322.46,20.22,0.17,ABBVIE Ludwigshafen Germany,2518,33986.07,279.96
86027,Tanzania,PMO - US,From RDC,N/A - From RDC,Truck,31-Dec-13,25-Feb-14,ARV,Adult,SCMS from RDC,SKU0105,"Emtricitabine/Tenofovir Disoproxil Fumarate 200/300mg, tablets, 30 Tabs",Generic,30,337,1978.19,5.87,0.2,Mylan (formerly Matrix) Nashik,See DN-3458 (ID#:83196),See DN-3458 (ID#:83196),2.45
86028,Zimbabwe,PMO - US,From RDC,N/A - From RDC,Truck,31-Jan-14,13-Jan-14,ARV,Pediatric,SCMS from RDC,SKU0145,"Abacavir 20mg/ml, oral solution w/syringe, Bottle, 240 ml",Generic,240,241,2050.91,8.51,0.04,"Aurobindo Unit III, India",64,7300,2.54
86029,Tanzania,PMO - US,From RDC,N/A - From RDC,Truck,31-Jan-14,7-Mar-14,ARV,Pediatric,SCMS from RDC,SKU0093,"Lamivudine/Nevirapine/Stavudine 30/50/6mg, dispersible tablets, 60 Tabs",Generic,60,9312,21417.6,2.3,0.04,"Cipla, Goa, India",1221,4847.8,26.49
86030,South Sudan,PMO - US,From RDC,N/A - From RDC,Air,22-Jan-14,11-Feb-14,ARV,Adult,SCMS from RDC,SKU0026,"Efavirenz 600mg, tablets, 30 Tabs",Generic,30,2100,6993,3.33,0.11,"Strides, Bangalore, India.",See DN-3493 (ID#:84322),See DN-3493 (ID#:84322),7.19
86031,Rwanda,PMO - US,From RDC,N/A - From RDC,Truck,31-Jan-14,3-Feb-14,ARV,Adult,SCMS from RDC,SKU0054,"Lamivudine/Nevirapine/Zidovudine 150/200/300mg, tablets, 60 Tabs",Generic,60,26540,219220.4,8.26,0.14,"Aurobindo Unit III, India",See DN-3497 (ID#:82640),See DN-3497 (ID#:82640),271.18
86032,Côte d'Ivoire,PMO - US,From RDC,N/A - From RDC,Air,31-Jan-14,18-Jan-14,ARV,Pediatric,SCMS from RDC,SKU0131,"Lamivudine/Zidovudine 30/60mg, tablets, 60 Tabs",Generic,60,12000,27120,2.26,0.04,Mylan (formerly Matrix) Nashik,See DN-3504 (ID#:84884),See DN-3504 (ID#:84884),33.55
86033,Tanzania,PMO - US,From RDC,N/A - From RDC,Truck,31-Jan-14,19-Feb-14,ARV,Pediatric,SCMS from RDC,SKU0138,"Abacavir/Lamivudine 60/30mg, tablets, 60 Tabs",Generic,60,9458,37832,4,0.07,"Aurobindo Unit III, India",See DN-3501 (ID#:82641),See DN-3501 (ID#:82641),46.8
86034,Uganda,PMO - US,From RDC,N/A - From RDC,Truck,31-Jan-14,30-Jan-14,ARV,Pediatric,SCMS from RDC,SKU0146,"Nevirapine 10mg/ml, oral suspension w/syringe, Bottle, 100 ml",Generic,100,45285,58870.5,1.3,0.01,"Aurobindo Unit III, India",8998,5458.45,72.82
86040,Zimbabwe,PMO - US,From RDC,N/A - From RDC,Air,30-Jan-14,11-Feb-14,ARV,Pediatric,SCMS from RDC,SKU0138,"Abacavir/Lamivudine 60/30mg, tablets, 60 Tabs",Generic,60,2088,8352,4,0.07,"Aurobindo Unit III, India",102,2021.95,8.59
86041,Côte d'Ivoire,PMO - US,From RDC,N/A - From RDC,Air,31-Jan-14,13-Feb-14,ARV,Pediatric,SCMS from RDC,SKU0117,"Zidovudine 10mg/ml, oral solution w/syringe, Bottle, 240 ml",Generic,240,5700,11970,2.1,0.01,"Aurobindo Unit III, India",2845,10943.15,14.81
86042,Tanzania,PMO - US,From RDC,N/A - From RDC,Truck,31-Jan-14,19-Feb-14,ARV,Pediatric,SCMS from RDC,SKU0146,"Nevirapine 10mg/ml, oral suspension w/syringe, Bottle, 100 ml",Generic,100,13171,17122.3,1.3,0.01,"Aurobindo Unit III, India",See DN-3531 (ID#:83761),See DN-3531 (ID#:83761),21.18
86043,Rwanda,PMO - US,From RDC,N/A - From RDC,Truck,31-Jan-14,25-Feb-14,ARV,Adult,SCMS from RDC,SKU0135,"Lopinavir/Ritonavir 200/50mg, tablets, 120 Tabs",Generic,120,5247,107458.56,20.48,0.17,Mylan (formerly Matrix) Nashik,1382,8456.96,132.93
86044,Côte d'Ivoire,PMO - US,From RDC,N/A - From RDC,Air,31-Jan-14,13-Feb-14,ARV,Adult,SCMS from RDC,SKU0058,"Abacavir 300mg, tablets, 60 Tabs",Generic,60,6200,70432,11.36,0.19,"Aurobindo Unit III, India",See DN-3530 (ID#:86041),See DN-3530 (ID#:86041),87.12
86045,Côte d'Ivoire,PMO - US,From RDC,N/A - From RDC,Air,28-Feb-14,18-Feb-14,ARV,Adult,SCMS from RDC,SKU0107,"Lamivudine/Tenofovir Disoproxil Fumarate 300/300mg, tablets, 30 Tabs",Generic,30,7426,34902.2,4.7,0.16,"Cipla, Kurkumbh, India",753,4063.81,43.17
86046,Côte d'Ivoire,PMO - US,From RDC,N/A - From RDC,Air,28-Feb-14,18-Feb-14,ARV,Adult,SCMS from RDC,SKU0107,"Lamivudine/Tenofovir Disoproxil Fumarate 300/300mg, tablets, 30 Tabs",Generic,30,22400,105280,4.7,0.16,"Cipla, Kurkumbh, India",See DN-3546 (ID#:82651),See DN-3546 (ID#:82651),130.23
86047,Côte d'Ivoire,PMO - US,From RDC,N/A - From RDC,Truck,28-Feb-14,18-Jan-14,ARV,Adult,SCMS from RDC,SKU0107,"Lamivudine/Tenofovir Disoproxil Fumarate 300/300mg, tablets, 30 Tabs",Generic,30,5173,24313.1,4.7,0.16,"Cipla, Kurkumbh, India",See DN-3547 (ID#:83763),See DN-3547 (ID#:83763),30.08
86048,Nigeria,PMO - US,From RDC,N/A - From RDC,Air Charter,28-Feb-14,10-Feb-14,ARV,Adult,SCMS from RDC,SKU0054,"Lamivudine/Nevirapine/Zidovudine 150/200/300mg, tablets, 60 Tabs",Generic,60,77999,644271.74,8.26,0.14,"Cipla, Goa, India",See DN-3551 (ID#:84895),See DN-3551 (ID#:84895),796.96
86049,Côte d'Ivoire,PMO - US,From RDC,N/A - From RDC,Truck,28-Feb-14,1-Mar-14,ARV,Adult,SCMS from RDC,SKU0162,"Abacavir/Lamivudine 600/300mg, scored tablets, 30 Tabs",Generic,30,611,8260.72,13.52,0.45,Mylan (formerly Matrix) Nashik,55,1335.15,10.22
86050,Côte d'Ivoire,PMO - US,From RDC,N/A - From RDC,Truck,27-Feb-14,18-Feb-14,ARV,Pediatric,SCMS from RDC,SKU0117,"Zidovudine 10mg/ml, oral solution w/syringe, Bottle, 240 ml",Generic,240,2907,6104.7,2.1,0.01,"Aurobindo Unit III, India",1122,5520.83,6.28
86051,"Congo, DRC",PMO - US,From RDC,N/A - From RDC,Air,30-May-14,19-May-14,ARV,Adult,SCMS from RDC,SKU0003,"Lamivudine 150mg, tablets, 60 Tabs",Generic,60,960,2140.8,2.23,0.04,"Micro labs, Verna, Goa, India",See DN-3561 (ID#:82654),See DN-3561 (ID#:82654),2.2
86052,"Congo, DRC",PMO - US,From RDC,N/A - From RDC,Air,30-May-14,19-May-14,ARV,Adult,SCMS from RDC,SKU0113,"Efavirenz/Lamivudine/Tenofovir Disoproxil Fumarate 600/300/300mg, tablets, 30 Tabs",Generic,30,4290,46632.3,10.87,0.36,Hetero Unit III Hyderabad IN,See DN-3561 (ID#:82654),See DN-3561 (ID#:82654),47.94
86054,Zambia,PMO - US,From RDC,N/A - From RDC,Truck,25-Mar-14,25-Mar-14,ARV,Adult,SCMS from RDC,SKU0003,"Lamivudine 150mg, tablets, 60 Tabs",Generic,60,10000,22300,2.23,0.04,"Aurobindo Unit III, India",See DN-3565 (ID#:84903),See DN-3565 (ID#:84903),27.59
86056,Côte d'Ivoire,PMO - US,From RDC,N/A - From RDC,Truck,28-Mar-14,11-Apr-14,ARV,Adult,SCMS from RDC,SKU0054,"Lamivudine/Nevirapine/Zidovudine 150/200/300mg, tablets, 60 Tabs",Generic,60,100000,826000,8.26,0.14,"Aurobindo Unit III, India",See DN-3568 (ID#:82655),See DN-3568 (ID#:82655),1021.76
86058,Rwanda,PMO - US,From RDC,N/A - From RDC,Air,25-Mar-14,2-Apr-14,ARV,Adult,SCMS from RDC,SKU0011,"Lamivudine/Zidovudine 150/300mg, tablets, 60 Tabs",Generic,60,18000,121140,6.73,0.11,"Aurobindo Unit III, India",1643,12995.06,124.53
86059,Uganda,PMO - US,From RDC,N/A - From RDC,Truck,30-Apr-14,18-Apr-14,ARV,Adult,SCMS from RDC,SKU0135,"Lopinavir/Ritonavir 200/50mg, tablets, 120 Tabs",Generic,120,26960,541087.2,20.07,0.17,"Aurobindo Unit III, India",Weight Captured Separately,Invoiced Separately,556.24
86060,Guyana,PMO - US,From RDC,N/A - From RDC,Air,31-Mar-14,3-Apr-14,ARV,Adult,SCMS from RDC,SKU0135,"Lopinavir/Ritonavir 200/50mg, tablets, 120 Tabs",Generic,120,1484,31164,21,0.18,"Aurobindo Unit III, India",See DN-3585 (ID#:83223),See DN-3585 (ID#:83223),32.04
86061,Haiti,PMO - US,From RDC,N/A - From RDC,Air,30-Mar-14,24-Mar-14,ARV,Adult,SCMS from RDC,SKU0054,"Lamivudine/Nevirapine/Zidovudine 150/200/300mg, tablets, 60 Tabs",Generic,60,30000,247800,8.26,0.14,Mylan (formerly Matrix) Nashik,See DN-3586 (ID#:83224),See DN-3586 (ID#:83224),254.74
86062,Haiti,PMO - US,From RDC,N/A - From RDC,Air,5-May-14,24-Mar-14,ARV,Adult,SCMS from RDC,SKU0011,"Lamivudine/Zidovudine 150/300mg, tablets, 60 Tabs",Generic,60,16374,110197.02,6.73,0.11,Mylan (formerly Matrix) Nashik,See DN-3587 (ID#:83776),See DN-3587 (ID#:83776),113.28
86081,Mozambique,PMO - US,From RDC,N/A - From RDC,Truck,16-Jul-14,25-Jul-14,ARV,Adult,SCMS from RDC,SKU0054,"Lamivudine/Nevirapine/Zidovudine 150/200/300mg, tablets, 60 Tabs",Generic,60,47108,382045.88,8.11,0.14,"Cipla, Goa, India",7041,4486.01,392.74
86063,Uganda,PMO - US,From RDC,N/A - From RDC,Truck,20-Apr-14,18-Apr-14,ARV,Adult,SCMS from RDC,SKU0054,"Lamivudine/Nevirapine/Zidovudine 150/200/300mg, tablets, 60 Tabs",Generic,60,50000,413000,8.26,0.14,"Aurobindo Unit III, India",See DN-3589 (ID#:82657),See DN-3589 (ID#:82657),424.56
86064,Kenya,PMO - US,From RDC,N/A - From RDC,Truck,3-Apr-14,11-Mar-14,HRDT,HIV test,SCMS from RDC,SKU0013,"HIV 1/2/O, First Response HIV 1-2.0, v.3.0 Cards Kit, 30 Tests",First Response,30,2429,0,0,0,Premier Med. Corp Ltd. India,Weight Captured Separately,Invoiced Separately,0
86065,Côte d'Ivoire,PMO - US,From RDC,N/A - From RDC,Air,31-Mar-14,14-Apr-14,ARV,Adult,SCMS from RDC,SKU0003,"Lamivudine 150mg, tablets, 60 Tabs",Generic,60,519,1115.85,2.15,0.04,"Micro labs, Verna, Goa, India",See DN-3601 (ID#:85453),See DN-3601 (ID#:85453),1.38
86066,Nigeria,PMO - US,From RDC,N/A - From RDC,Air Charter,15-Apr-14,17-Apr-14,ARV,Adult,SCMS from RDC,SKU0113,"Efavirenz/Lamivudine/Tenofovir Disoproxil Fumarate 600/300/300mg, tablets, 30 Tabs",Generic,30,401961,4228629.72,10.52,0.35,Hetero Unit III Hyderabad IN,59322,29674.92,5230.81
86067,Uganda,PMO - US,From RDC,N/A - From RDC,Truck,21-Mar-14,18-Apr-14,ARV,Adult,SCMS from RDC,SKU0054,"Lamivudine/Nevirapine/Zidovudine 150/200/300mg, tablets, 60 Tabs",Generic,60,34138,281979.88,8.26,0.14,"Aurobindo Unit III, India",4009,4947.38,289.88
86068,Zambia,PMO - US,From RDC,N/A - From RDC,Air,19-May-14,19-May-14,ARV,Adult,SCMS from RDC,SKU0058,"Abacavir 300mg, tablets, 60 Tabs",Generic,60,11209,145268.64,12.96,0.22,Mylan (formerly Matrix) Nashik,1143,1876.35,179.7
86069,Nigeria,PMO - US,From RDC,N/A - From RDC,Air Charter,15-Apr-14,17-Apr-14,ARV,Adult,SCMS from RDC,SKU0054,"Lamivudine/Nevirapine/Zidovudine 150/200/300mg, tablets, 60 Tabs",Generic,60,15,123.9,8.26,0.14,"Cipla, Goa, India",5416,29674.92,0.15
86070,Guyana,PMO - US,From RDC,N/A - From RDC,Air,30-Jun-14,14-Apr-14,ARV,Adult,SCMS from RDC,SKU0058,"Abacavir 300mg, tablets, 60 Tabs",Generic,60,70,795.2,11.36,0.19,"Aurobindo Unit III, India",See DN-3626 (ID#:83781),See DN-3626 (ID#:83781),0.82
86071,Guyana,PMO - US,From RDC,N/A - From RDC,Air,30-Jun-14,14-Apr-14,ARV,Pediatric,SCMS from RDC,SKU0126,"Nevirapine 10mg/ml, oral suspension w/syringe, Bottle, 240 ml",Generic,240,152,282.72,1.86,0.01,"Aurobindo Unit III, India",See DN-3626 (ID#:83781),See DN-3626 (ID#:83781),0.29
86072,Mozambique,PMO - US,From RDC,N/A - From RDC,Truck,14-Jun-14,24-Jun-14,ARV,Adult,SCMS from RDC,SKU0026,"Efavirenz 600mg, tablets, 30 Tabs",Generic,30,63000,209790,3.33,0.11,"Strides, Bangalore, India.",See DN-3628 (ID#:83234),See DN-3628 (ID#:83234),215.66
86073,Rwanda,PMO - US,From RDC,N/A - From RDC,Air,4-Jun-14,4-Jun-14,ARV,Pediatric,SCMS from RDC,SKU0131,"Lamivudine/Zidovudine 30/60mg, tablets, 60 Tabs",Generic,60,373,746,2,0.03,Mylan (formerly Matrix) Nashik,14,1284.7,0.77
86074,Mozambique,PMO - US,From RDC,N/A - From RDC,Truck,30-Jun-14,26-May-14,ARV,Adult,SCMS from RDC,SKU0029,"Tenofovir Disoproxil Fumarate 300mg, tablets, 30 Tabs",Generic,30,560,2116.8,3.78,0.13,Hetero Unit III Hyderabad IN,40,4100,2.18
86075,Zimbabwe,PMO - US,From RDC,N/A - From RDC,Truck,5-May-14,23-May-14,ARV,Pediatric,SCMS from RDC,SKU0142,"Efavirenz 200mg, scored tablets, 90 Tabs",Generic,90,819,7616.7,9.3,0.1,"Strides, Bangalore, India.",58,1551,7.83
86076,Mozambique,PMO - US,From RDC,N/A - From RDC,Truck,8-Jul-14,18-Jul-14,ARV,Adult,SCMS from RDC,SKU0003,"Lamivudine 150mg, tablets, 60 Tabs",Generic,60,648,1127.52,1.74,0.03,"Micro labs, Verna, Goa, India",39,30.49,1.16
86077,Côte d'Ivoire,PMO - US,From RDC,N/A - From RDC,Truck,21-Apr-14,1-May-14,ARV,Pediatric,SCMS from RDC,SKU0146,"Nevirapine 10mg/ml, oral suspension w/syringe, Bottle, 100 ml",Generic,100,4000,5200,1.3,0.01,"Aurobindo Unit III, India",See DN-3655 (ID#:83237),See DN-3655 (ID#:83237),5.35
86078,Rwanda,PMO - US,From RDC,N/A - From RDC,Truck,5-May-14,6-Jun-14,ARV,Adult,SCMS from RDC,SKU0107,"Lamivudine/Tenofovir Disoproxil Fumarate 300/300mg, tablets, 30 Tabs",Generic,30,97619,452952.16,4.64,0.15,"Cipla, Kurkumbh, India",9905,5445.73,560.3
86082,Tanzania,PMO - US,From RDC,N/A - From RDC,Truck,29-Jul-14,2-Aug-14,ARV,Pediatric,SCMS from RDC,SKU0140,"Lamivudine/Nevirapine/Zidovudine 30/50/60mg, dispersible tablets, 60 Tabs",Generic,60,14789,55458.75,3.75,0.06,Mylan (formerly Matrix) Nashik,825,5137.06,57.01
86083,Zimbabwe,PMO - US,From RDC,N/A - From RDC,Truck,30-May-14,30-May-14,ARV,Adult,SCMS from RDC,SKU0113,"Efavirenz/Lamivudine/Tenofovir Disoproxil Fumarate 600/300/300mg, tablets, 30 Tabs",Generic,30,66407,715867.46,10.78,0.36,Hetero Unit III Hyderabad IN,See DN-3702 (ID#:84928),See DN-3702 (ID#:84928),885.53
86084,Zimbabwe,PMO - US,From RDC,N/A - From RDC,Truck,31-Jul-14,30-May-14,ARV,Adult,SCMS from RDC,SKU0113,"Efavirenz/Lamivudine/Tenofovir Disoproxil Fumarate 600/300/300mg, tablets, 30 Tabs",Generic,30,132926,1482124.9,11.15,0.37,Hetero Unit III Hyderabad IN,17791,33707.41,1523.62
86086,Nigeria,PMO - US,From RDC,N/A - From RDC,Air Charter,3-Jun-14,9-May-14,ARV,Adult,SCMS from RDC,SKU0054,"Lamivudine/Nevirapine/Zidovudine 150/200/300mg, tablets, 60 Tabs",Generic,60,274715,2227938.65,8.11,0.14,Mylan (formerly Matrix) Nashik,66966,45180.62,2290.32
86089,Uganda,PMO - US,From RDC,N/A - From RDC,Truck,30-Jun-14,30-Jun-14,ARV,Adult,SCMS from RDC,SKU0054,"Lamivudine/Nevirapine/Zidovudine 150/200/300mg, tablets, 60 Tabs",Generic,60,52898,429002.78,8.11,0.14,Hetero Unit III Hyderabad IN,See DN-3732 (ID#:82680),See DN-3732 (ID#:82680),441.01
86090,Uganda,PMO - US,From RDC,N/A - From RDC,Truck,30-Jun-14,30-Jun-14,ARV,Adult,SCMS from RDC,SKU0054,"Lamivudine/Nevirapine/Zidovudine 150/200/300mg, tablets, 60 Tabs",Generic,60,30,243.3,8.11,0.14,"Cipla, Goa, India",See DN-3732 (ID#:82680),See DN-3732 (ID#:82680),0.25
86093,Mozambique,PMO - US,From RDC,N/A - From RDC,Truck,31-Jul-14,18-Jul-14,ARV,Adult,SCMS from RDC,SKU0008,"Lopinavir/Ritonavir 200/50mg [Aluvia], tablets, 120 Tabs",Aluvia,120,18960,358344,18.9,0.16,ABBVIE Ludwigshafen Germany,4227,2259.81,368.38
86094,Côte d'Ivoire,PMO - US,From RDC,N/A - From RDC,Truck,30-Jun-14,16-Jun-14,ARV,Adult,SCMS from RDC,SKU0135,"Lopinavir/Ritonavir 200/50mg, tablets, 120 Tabs",Generic,120,13429,264685.59,19.71,0.16,Mylan (formerly Matrix) Nashik,3522,14985.96,272.1
86095,Zambia,PMO - US,From RDC,N/A - From RDC,Truck,30-Jun-14,4-Jul-14,ARV,Adult,SCMS from RDC,SKU0107,"Lamivudine/Tenofovir Disoproxil Fumarate 300/300mg, tablets, 30 Tabs",Generic,30,29440,138368,4.7,0.16,"Aurobindo Unit VII, IN",2438,5236.92,142.24
86096,Mozambique,PMO - US,From RDC,N/A - From RDC,Truck,31-Jul-14,25-Jul-14,ARV,Pediatric,SCMS from RDC,SKU0126,"Nevirapine 10mg/ml, oral suspension w/syringe, Bottle, 240 ml",Generic,240,45696,74484.48,1.63,0.01,"Aurobindo Unit III, India",See DN-3752 (ID#:84373),See DN-3752 (ID#:84373),76.57
86097,Zambia,PMO - US,From RDC,N/A - From RDC,Truck,30-Jun-14,17-Jun-14,ARV,Adult,SCMS from RDC,SKU0007,"Nevirapine 200mg, tablets, 60 Tabs",Generic,60,77187,168267.66,2.18,0.04,Hetero Unit III Hyderabad IN,4800,10982.2,208.15
86102,Zambia,PMO - US,From RDC,N/A - From RDC,Truck,18-Sep-14,2-Oct-14,ARV,Adult,SCMS from RDC,SKU0058,"Abacavir 300mg, tablets, 60 Tabs",Generic,60,323,3627.29,11.23,0.19,"Aurobindo Unit III, India",35,42.35,3.73
86103,South Sudan,PMO - US,From RDC,N/A - From RDC,Air,2-Oct-14,17-Oct-14,ARV,Adult,SCMS from RDC,SKU0113,"Efavirenz/Lamivudine/Tenofovir Disoproxil Fumarate 600/300/300mg, tablets, 30 Tabs",Generic,30,7764,83695.92,10.78,0.36,Mylan (formerly Matrix) Nashik,1347,14522.43,86.04
86104,Zambia,PMO - US,From RDC,N/A - From RDC,Truck,29-Aug-14,4-Sep-14,ARV,Adult,SCMS from RDC,SKU0008,"Lopinavir/Ritonavir 200/50mg [Aluvia], tablets, 120 Tabs",Aluvia,120,35822,677035.8,18.9,0.16,ABBVIE Ludwigshafen Germany,See DN-3833 (ID#:82691),See DN-3833 (ID#:82691),695.99
86106,Côte d'Ivoire,PMO - US,From RDC,N/A - From RDC,Truck,30-Sep-14,8-Sep-14,ARV,Pediatric,SCMS from RDC,SKU0117,"Zidovudine 10mg/ml, oral solution w/syringe, Bottle, 240 ml",Generic,240,106,222.6,2.1,0.01,"Cipla, Goa, India",See DN-3900 (ID#:83815),See DN-3900 (ID#:83815),0.23
86131,Mozambique,PMO - US,From RDC,N/A - From RDC,Truck,30-Dec-14,30-Oct-14,ARV,Adult,SCMS from RDC,SKU0135,"Lopinavir/Ritonavir 200/50mg, tablets, 120 Tabs",Generic,120,14480,285400.8,19.71,0.16,"Aurobindo Unit III, India",7039,5192.68,293.39
86107,Mozambique,PMO - US,From RDC,N/A - From RDC,Truck,31-Dec-14,30-Oct-14,ARV,Adult,SCMS from RDC,SKU0113,"Efavirenz/Lamivudine/Tenofovir Disoproxil Fumarate 600/300/300mg, tablets, 30 Tabs",Generic,30,76236,821824.08,10.78,0.36,Mylan (formerly Matrix) Nashik,See DN-3875 (ID#:83255),See DN-3875 (ID#:83255),844.84
86137,Uganda,PMO - US,From RDC,N/A - From RDC,Air,30-Sep-14,1-Oct-14,ARV,Adult,SCMS from RDC,SKU0014,"Zidovudine 300mg, tablets, 60 Tabs",Generic,60,1000,5440,5.44,0.09,"Aurobindo Unit III, India",See DN-3936 (ID#:85530),See DN-3936 (ID#:85530),5.59
86108,"Congo, DRC",PMO - US,From RDC,N/A - From RDC,Air,22-Sep-14,30-Sep-14,ARV,Adult,SCMS from RDC,SKU0011,"Lamivudine/Zidovudine 150/300mg, tablets, 60 Tabs",Generic,60,3485,22722.2,6.52,0.11,Hetero Unit III Hyderabad IN,See DN-3885 (ID#:82693),See DN-3885 (ID#:82693),23.36
86110,Rwanda,PMO - US,From RDC,N/A - From RDC,Truck,19-Aug-14,13-Aug-14,ARV,Adult,SCMS from RDC,SKU0007,"Nevirapine 200mg, tablets, 60 Tabs",Generic,60,88809,200708.34,2.26,0.04,Hetero Unit III Hyderabad IN,See DN-3787 (ID#:83818),See DN-3787 (ID#:83818),206.33
86111,Côte d'Ivoire,PMO - US,From RDC,N/A - From RDC,Truck,30-Jun-14,9-Jul-14,ARV,Pediatric,SCMS from RDC,SKU0138,"Abacavir/Lamivudine 60/30mg, tablets, 60 Tabs",Generic,60,10000,40900,4.09,0.07,Mylan (formerly Matrix) Nashik,365,2436.32,42.05
86112,Côte d'Ivoire,PMO - US,From RDC,N/A - From RDC,Truck,30-Jun-14,9-Jul-14,ARV,Adult,SCMS from RDC,SKU0152,"Abacavir/Lamivudine 600/300mg, tablets, 30 Tabs",Generic,30,2600,35152,13.52,0.45,"Cipla, Patalganga, India",235,814.06,36.14
86113,Rwanda,PMO - US,From RDC,N/A - From RDC,Air,17-Jul-14,17-Jul-14,ARV,Pediatric,SCMS from RDC,SKU0131,"Lamivudine/Zidovudine 30/60mg, tablets, 60 Tabs",Generic,60,362,720.38,1.99,0.03,Mylan (formerly Matrix) Nashik,16,919.81,0.74
86114,Zambia,PMO - US,From RDC,N/A - From RDC,Truck,31-Jul-14,23-Jul-14,ARV,Adult,SCMS from RDC,SKU0113,"Efavirenz/Lamivudine/Tenofovir Disoproxil Fumarate 600/300/300mg, tablets, 30 Tabs",Generic,30,175000,1886500,10.78,0.36,Mylan (formerly Matrix) Nashik,See DN-3819 (ID#:85506),See DN-3819 (ID#:85506),1939.32
86115,Zambia,PMO - US,From RDC,N/A - From RDC,Truck,14-Jul-14,3-Sep-14,ARV,Adult,SCMS from RDC,SKU0014,"Zidovudine 300mg, tablets, 60 Tabs",Generic,60,7130,38787.2,5.44,0.09,"Aurobindo Unit III, India",See DN-3822 (ID#:84390),See DN-3822 (ID#:84390),39.87
86116,Mozambique,PMO - US,From RDC,N/A - From RDC,Truck,29-Aug-14,25-Aug-14,ARV,Adult,SCMS from RDC,SKU0054,"Lamivudine/Nevirapine/Zidovudine 150/200/300mg, tablets, 60 Tabs",Generic,60,232476,1885380.36,8.11,0.14,"Cipla, Goa, India",See DN-3827 (ID#:82705),See DN-3827 (ID#:82705),1938.17
86117,Mozambique,PMO - US,From RDC,N/A - From RDC,Truck,29-Aug-14,25-Aug-14,ARV,Adult,SCMS from RDC,SKU0054,"Lamivudine/Nevirapine/Zidovudine 150/200/300mg, tablets, 60 Tabs",Generic,60,42000,340620,8.11,0.14,"Strides, Bangalore, India.",See DN-3827 (ID#:82705),See DN-3827 (ID#:82705),350.16
86118,"Congo, DRC",PMO - US,From RDC,N/A - From RDC,Air,13-Aug-14,24-Sep-14,ARV,Adult,SCMS from RDC,SKU0026,"Efavirenz 600mg, tablets, 30 Tabs",Generic,30,2955,9485.55,3.21,0.11,"Strides, Bangalore, India.",See DN-3843 (ID#:82707),See DN-3843 (ID#:82707),9.75
86119,"Congo, DRC",PMO - US,From RDC,N/A - From RDC,Air,13-Aug-14,24-Sep-14,ARV,Adult,SCMS from RDC,SKU0014,"Zidovudine 300mg, tablets, 60 Tabs",Generic,60,2829,15389.76,5.44,0.09,"Aurobindo Unit III, India",See DN-3843 (ID#:82707),See DN-3843 (ID#:82707),15.82
86120,"Congo, DRC",PMO - US,From RDC,N/A - From RDC,Air,13-Aug-14,24-Sep-14,ARV,Adult,SCMS from RDC,SKU0113,"Efavirenz/Lamivudine/Tenofovir Disoproxil Fumarate 600/300/300mg, tablets, 30 Tabs",Generic,30,3300,35574,10.78,0.36,Hetero Unit III Hyderabad IN,See DN-3843 (ID#:82707),See DN-3843 (ID#:82707),36.57
86121,Mozambique,PMO - US,From RDC,N/A - From RDC,Truck,29-Aug-14,5-Nov-14,ARV,Adult,SCMS from RDC,SKU0011,"Lamivudine/Zidovudine 150/300mg, tablets, 60 Tabs",Generic,60,90472,589877.44,6.52,0.11,"Aurobindo Unit III, India",See DN-3828 (ID#:82713),See DN-3828 (ID#:82713),606.39
86129,Burundi,PMO - US,From RDC,N/A - From RDC,Air,31-Aug-14,25-Jul-14,ARV,Adult,SCMS from RDC,SKU0007,"Nevirapine 200mg, tablets, 60 Tabs",Generic,60,525,1160.25,2.21,0.04,Hetero Unit III Hyderabad IN,35,638.65,1.19
86130,Mozambique,PMO - US,From RDC,N/A - From RDC,Truck,31-Aug-14,30-Oct-14,ARV,Adult,SCMS from RDC,SKU0026,"Efavirenz 600mg, tablets, 30 Tabs",Generic,30,77000,247170,3.21,0.11,"Micro labs, Verna, Goa, India",See DN-3865 (ID#:82723),See DN-3865 (ID#:82723),254.09
86133,Tanzania,PMO - US,From RDC,N/A - From RDC,Truck,11-Nov-14,17-Oct-14,ARV,Pediatric,SCMS from RDC,SKU0140,"Lamivudine/Nevirapine/Zidovudine 30/50/60mg, dispersible tablets, 60 Tabs",Generic,60,54976,206160,3.75,0.06,"Strides, Bangalore, India.",2356,2151.27,211.93
86134,Nigeria,PMO - US,From RDC,N/A - From RDC,Air Charter,30-Sep-14,3-Sep-14,ARV,Pediatric,SCMS from RDC,SKU0070,"Lamivudine/Stavudine 30/6mg, dispersible tablets, 60 Tabs",Generic,60,10383,19727.7,1.9,0.03,"Cipla, Goa, India",767,3963,20.28
86135,Namibia,PMO - US,From RDC,N/A - From RDC,Truck,30-Sep-14,15-Sep-14,ARV,Adult,SCMS from RDC,SKU0011,"Lamivudine/Zidovudine 150/300mg, tablets, 60 Tabs",Generic,60,13337,86957.24,6.52,0.11,"Aurobindo Unit III, India",See DN-3907 (ID#:82729),See DN-3907 (ID#:82729),89.39
86139,Côte d'Ivoire,PMO - US,From RDC,N/A - From RDC,Truck,31-Oct-14,17-Oct-14,ARV,Adult,SCMS from RDC,SKU0029,"Tenofovir Disoproxil Fumarate 300mg, tablets, 30 Tabs",Generic,30,2095,7583.9,3.62,0.12,Mylan (formerly Matrix) Nashik,See DN-3966 (ID#:82739),See DN-3966 (ID#:82739),7.8
86140,Côte d'Ivoire,PMO - US,From RDC,N/A - From RDC,Truck,31-Oct-14,17-Oct-14,ARV,Adult,SCMS from RDC,SKU0135,"Lopinavir/Ritonavir 200/50mg, tablets, 120 Tabs",Generic,120,21497,422631.02,19.66,0.16,Mylan (formerly Matrix) Nashik,21,22007.39,434.46
86141,Zambia,PMO - US,From RDC,N/A - From RDC,Truck,31-Oct-14,19-Nov-14,ARV,Adult,SCMS from RDC,SKU0107,"Lamivudine/Tenofovir Disoproxil Fumarate 300/300mg, tablets, 30 Tabs",Generic,30,20327,93910.74,4.62,0.15,Hetero Unit III Hyderabad IN,2130,6700.42,96.54
86142,"Congo, DRC",PMO - US,From RDC,N/A - From RDC,Air,30-Jan-15,18-Feb-15,ARV,Adult,SCMS from RDC,SKU0029,"Tenofovir Disoproxil Fumarate 300mg, tablets, 30 Tabs",Generic,30,5850,22113,3.78,0.13,Hetero Unit III Hyderabad IN,See DN-3975 (ID#:82748),See DN-3975 (ID#:82748),22.73
86143,Nigeria,PMO - US,From RDC,N/A - From RDC,Air Charter,31-Oct-14,30-Oct-14,ARV,Adult,SCMS from RDC,SKU0026,"Efavirenz 600mg, tablets, 30 Tabs",Generic,30,6776,21141.12,3.12,0.1,"Micro labs, Verna, Goa, India",514,898,21.73
86144,Burundi,PMO - US,From RDC,N/A - From RDC,Air,20-Nov-14,20-Nov-14,ARV,Adult,SCMS from RDC,SKU0054,"Lamivudine/Nevirapine/Zidovudine 150/200/300mg, tablets, 60 Tabs",Generic,60,1536,12456.96,8.11,0.14,Mylan (formerly Matrix) Nashik,See DN-4003 (ID#:84425),See DN-4003 (ID#:84425),12.81
86147,Côte d'Ivoire,PMO - US,From RDC,N/A - From RDC,Truck,28-Nov-14,2-Dec-14,ARV,Adult,SCMS from RDC,SKU0026,"Efavirenz 600mg, tablets, 30 Tabs",Generic,30,25555,82031.55,3.21,0.11,"Micro labs, Verna, Goa, India",See DN-4017 (ID#:84997),See DN-4017 (ID#:84997),84.33
86148,Zimbabwe,PMO - US,From RDC,N/A - From RDC,Air,30-Jan-15,5-Jan-15,ARV,Pediatric,SCMS from RDC,SKU0140,"Lamivudine/Nevirapine/Zidovudine 30/50/60mg, dispersible tablets, 60 Tabs",Generic,60,20000,75000,3.75,0.06,"Strides, Bangalore, India.",1920,5055.8,77.1
86151,Uganda,PMO - US,From RDC,N/A - From RDC,Truck,16-Feb-15,24-Jan-15,ARV,Adult,SCMS from RDC,SKU0026,"Efavirenz 600mg, tablets, 30 Tabs",Generic,30,7500,24075,3.21,0.11,Hetero Unit III Hyderabad IN,See DN-4041 (ID#:83291),See DN-4041 (ID#:83291),24.75
86154,Uganda,PMO - US,From RDC,N/A - From RDC,Truck,15-Jun-15,16-Jan-15,ARV,Adult,SCMS from RDC,SKU0113,"Efavirenz/Lamivudine/Tenofovir Disoproxil Fumarate 600/300/300mg, tablets, 30 Tabs",Generic,30,13000,126880,9.76,0.33,Mylan (formerly Matrix) Nashik,See DN-4061 (ID#:83864),See DN-4061 (ID#:83864),149.34
86155,Uganda,PMO - US,From RDC,N/A - From RDC,Truck,30-Jan-15,16-Jan-15,ARV,Adult,SCMS from RDC,SKU0113,"Efavirenz/Lamivudine/Tenofovir Disoproxil Fumarate 600/300/300mg, tablets, 30 Tabs",Generic,30,85000,829600,9.76,0.33,Mylan (formerly Matrix) Nashik,Weight Captured Separately,Invoiced Separately,976.44
86156,Zimbabwe,PMO - US,From RDC,N/A - From RDC,Truck,30-Jan-15,12-Jan-15,ARV,Pediatric,SCMS from RDC,SKU0124,"Lamivudine/Zidovudine 30/60mg, dispersible tablets, 60 Tabs",Generic,60,30457,60609.43,1.99,0.03,"Mylan,  H-12 & H-13, India",2375,6819.95,62.31
86158,Côte d'Ivoire,PMO - US,From RDC,N/A - From RDC,Truck,30-Jan-15,11-Feb-15,ARV,Pediatric,SCMS from RDC,SKU0124,"Lamivudine/Zidovudine 30/60mg, dispersible tablets, 60 Tabs",Generic,60,1956,3892.44,1.99,0.03,"Cipla, Goa, India",See DN-4039 (ID#:83869),See DN-4039 (ID#:83869),4
86159,Mozambique,PMO - US,From RDC,N/A - From RDC,Truck,27-Feb-15,3-Mar-15,ARV,Adult,SCMS from RDC,SKU0011,"Lamivudine/Zidovudine 150/300mg, tablets, 60 Tabs",Generic,60,43334,291637.82,6.73,0.11,Hetero Unit III Hyderabad IN,See DN-4081 (ID#:83872),See DN-4081 (ID#:83872),299.8
86161,Côte d'Ivoire,PMO - US,From RDC,N/A - From RDC,Truck,25-Feb-15,12-Mar-15,ARV,Adult,SCMS from RDC,SKU0135,"Lopinavir/Ritonavir 200/50mg, tablets, 120 Tabs",Generic,120,11728,227054.08,19.36,0.16,"Aurobindo Unit III, India",2932,8936.06,233.41
86162,Uganda,PMO - US,From RDC,N/A - From RDC,Truck,27-Feb-15,24-Feb-15,ARV,Adult,SCMS from RDC,SKU0152,"Abacavir/Lamivudine 600/300mg, tablets, 30 Tabs",Generic,30,10300,139256,13.52,0.45,Mylan (formerly Matrix) Nashik,See DN-4102 (ID#:83880),See DN-4102 (ID#:83880),163.9
86163,Zambia,PMO - US,From RDC,N/A - From RDC,Truck,27-Feb-15,19-Feb-15,ARV,Adult,SCMS from RDC,SKU0007,"Nevirapine 200mg, tablets, 60 Tabs",Generic,60,27104,59086.72,2.18,0.04,"Aurobindo Unit III, India",See DN-4117 (ID#:84449),See DN-4117 (ID#:84449),60.74
86164,Nigeria,PMO - US,From RDC,N/A - From RDC,Air Charter,28-Feb-15,5-Feb-15,ARV,Adult,SCMS from RDC,SKU0054,"Lamivudine/Nevirapine/Zidovudine 150/200/300mg, tablets, 60 Tabs",Generic,60,183995,1420441.4,7.72,0.13,"Strides, Bangalore, India.",See DN-4122 (ID#:85012),See DN-4122 (ID#:85012),1460.21
86167,Côte d'Ivoire,PMO - US,From RDC,N/A - From RDC,Truck,27-Feb-15,11-Mar-15,ARV,Adult,SCMS from RDC,SKU0011,"Lamivudine/Zidovudine 150/300mg, tablets, 60 Tabs",Generic,60,19000,123880,6.52,0.11,Hetero Unit III Hyderabad IN,See DN-4137 (ID#:84450),See DN-4137 (ID#:84450),127.35
86168,Côte d'Ivoire,PMO - US,From RDC,N/A - From RDC,Truck,27-Feb-15,25-Feb-15,ARV,Adult,SCMS from RDC,SKU0011,"Lamivudine/Zidovudine 150/300mg, tablets, 60 Tabs",Generic,60,104000,699920,6.73,0.11,Hetero Unit III Hyderabad IN,9208,35832.12,719.52
86170,Mozambique,PMO - US,From RDC,N/A - From RDC,Truck,30-Jun-15,10-Apr-15,ARV,Adult,SCMS from RDC,SKU0007,"Nevirapine 200mg, tablets, 60 Tabs",Generic,60,1960,4272.8,2.18,0.04,Hetero Unit III Hyderabad IN,9674,7921,5.03
86171,Zambia,PMO - US,From RDC,N/A - From RDC,Truck,27-Feb-15,25-Mar-15,ARV,Adult,SCMS from RDC,SKU0007,"Nevirapine 200mg, tablets, 60 Tabs",Generic,60,198040,431727.2,2.18,0.04,Hetero Unit III Hyderabad IN,See DN-4154 (ID#:84454),See DN-4154 (ID#:84454),443.82
86172,Zimbabwe,PMO - US,From RDC,N/A - From RDC,Truck,7-Mar-15,17-Mar-15,ARV,Pediatric,SCMS from RDC,SKU0140,"Lamivudine/Nevirapine/Zidovudine 30/50/60mg, dispersible tablets, 60 Tabs",Generic,60,4550,16380,3.6,0.06,Mylan (formerly Matrix) Nashik,See DN-4157 (ID#:82779),See DN-4157 (ID#:82779),16.84
86173,Zimbabwe,PMO - US,From RDC,N/A - From RDC,Truck,16-Mar-15,17-Mar-15,ARV,Adult,SCMS from RDC,SKU0011,"Lamivudine/Zidovudine 150/300mg, tablets, 60 Tabs",Generic,60,20000,130400,6.52,0.11,"Hetero, Jadcherla, unit 5, IN",1790,2042.6,153.48
86174,Burundi,PMO - US,From RDC,N/A - From RDC,Air,27-Feb-15,28-Feb-15,ARV,Adult,SCMS from RDC,SKU0054,"Lamivudine/Nevirapine/Zidovudine 150/200/300mg, tablets, 60 Tabs",Generic,60,1728,13340.16,7.72,0.13,Mylan (formerly Matrix) Nashik,See DN-4144 (ID#:82781),See DN-4144 (ID#:82781),15.7
86179,Nigeria,PMO - US,From RDC,N/A - From RDC,Air Charter,2-Mar-15,10-Mar-15,ARV,Adult,SCMS from RDC,SKU0011,"Lamivudine/Zidovudine 150/300mg, tablets, 60 Tabs",Generic,60,148569,968669.88,6.52,0.11,"Aurobindo Unit III, India",See DN-4170 (ID#:85020),See DN-4170 (ID#:85020),995.79
86181,Togo,PMO - US,From RDC,N/A - From RDC,Air,31-Mar-15,24-Apr-15,ARV,Adult,SCMS from RDC,SKU0007,"Nevirapine 200mg, tablets, 60 Tabs",Generic,60,240,523.2,2.18,0.04,Hetero Unit III Hyderabad IN,Weight Captured Separately,Invoiced Separately,0.62
86183,Zambia,PMO - US,From RDC,N/A - From RDC,Truck,1-May-15,10-Apr-15,ARV,Adult,SCMS from RDC,SKU0113,"Efavirenz/Lamivudine/Tenofovir Disoproxil Fumarate 600/300/300mg, tablets, 30 Tabs",Generic,30,600906,5768697.6,9.6,0.32,Mylan (formerly Matrix) Nashik,67880,78454.01,5930.22
86185,"Congo, DRC",PMO - US,From RDC,N/A - From RDC,Air,6-May-15,6-Jul-15,ARV,Pediatric,SCMS from RDC,SKU0048,"Lamivudine 10mg/ml, oral solution, Bottle, 240 ml",Generic,240,110,212.3,1.93,0.01,Hetero Unit III Hyderabad IN,See DN-4195 (ID#:83324),See DN-4195 (ID#:83324),0.25
86186,"Congo, DRC",PMO - US,From RDC,N/A - From RDC,Air,16-Jun-15,25-May-15,ARV,Pediatric,SCMS from RDC,SKU0157,"Abacavir/Lamivudine 60/30mg, dispersible tablets, 60 Tabs",Generic,60,820,4173.8,5.09,0.08,"Cipla, Patalganga, India",See DN-4196 (ID#:85025),See DN-4196 (ID#:85025),4.91
86187,"Congo, DRC",PMO - US,From RDC,N/A - From RDC,Air,1-Jul-15,13-Jul-15,ARV,Pediatric,SCMS from RDC,SKU0140,"Lamivudine/Nevirapine/Zidovudine 30/50/60mg, dispersible tablets, 60 Tabs",Generic,60,4355,15678,3.6,0.06,Mylan (formerly Matrix) Nashik,See DN-4197 (ID#:85578),See DN-4197 (ID#:85578),18.45
86188,Uganda,PMO - US,From RDC,N/A - From RDC,Truck,30-Apr-15,22-Apr-15,ARV,Adult,SCMS from RDC,SKU0054,"Lamivudine/Nevirapine/Zidovudine 150/200/300mg, tablets, 60 Tabs",Generic,60,44102,340467.44,7.72,0.13,"Hetero, Jadcherla, unit 5, IN",8221,Freight Included in Commodity Cost,400.73
86189,Uganda,PMO - US,From RDC,N/A - From RDC,Truck,15-Jun-15,14-May-15,ARV,Adult,SCMS from RDC,SKU0026,"Efavirenz 600mg, tablets, 30 Tabs",Generic,30,2,6.24,3.12,0.1,"Strides, Bangalore, India.",See DN-4218 (ID#:83326),See DN-4218 (ID#:83326),0.01
86192,Nigeria,PMO - US,From RDC,N/A - From RDC,Air Charter,30-Apr-15,15-Apr-15,ARV,Adult,SCMS from RDC,SKU0014,"Zidovudine 300mg, tablets, 60 Tabs",Generic,60,793,4226.69,5.33,0.09,"Aurobindo Unit III, India",See DN-4227 (ID#:82795),See DN-4227 (ID#:82795),4.35
86193,Rwanda,PMO - US,From RDC,N/A - From RDC,Truck,30-Jun-15,5-May-15,ARV,Pediatric,SCMS from RDC,SKU0142,"Efavirenz 200mg, scored tablets, 90 Tabs",Generic,90,2118,19697.4,9.3,0.1,"Strides, Bangalore, India.",Weight Captured Separately,Invoiced Separately,23.18
86195,Nigeria,PMO - US,From RDC,N/A - From RDC,Air Charter,30-Apr-15,15-Apr-15,ARV,Adult,SCMS from RDC,SKU0113,"Efavirenz/Lamivudine/Tenofovir Disoproxil Fumarate 600/300/300mg, tablets, 30 Tabs",Generic,30,291928,2802508.8,9.6,0.32,Hetero Unit III Hyderabad IN,37701,68046,2880.98
86196,Zambia,PMO - US,From RDC,N/A - From RDC,Truck,29-May-15,15-May-15,ARV,Pediatric,SCMS from RDC,SKU0124,"Lamivudine/Zidovudine 30/60mg, dispersible tablets, 60 Tabs",Generic,60,4000,7960,1.99,0.03,"Cipla, Goa, India",See DN-4250 (ID#:82799),See DN-4250 (ID#:82799),8.18
86197,Côte d'Ivoire,PMO - US,From RDC,N/A - From RDC,Truck,8-Jun-15,8-Jun-15,ARV,Adult,SCMS from RDC,SKU0135,"Lopinavir/Ritonavir 200/50mg, tablets, 120 Tabs",Generic,120,5900,114224,19.36,0.16,Mylan (formerly Matrix) Nashik,See DN-4253 (ID#:83334),See DN-4253 (ID#:83334),117.42
86198,Côte d'Ivoire,PMO - US,From RDC,N/A - From RDC,Truck,8-Jun-15,8-Jun-15,ARV,Adult,SCMS from RDC,SKU0011,"Lamivudine/Zidovudine 150/300mg, tablets, 60 Tabs",Generic,60,37503,244519.56,6.52,0.11,"Aurobindo Unit III, India",See DN-4253 (ID#:83334),See DN-4253 (ID#:83334),251.37
86199,Zambia,PMO - US,From RDC,N/A - From RDC,Truck,29-May-15,15-May-15,ARV,Adult,SCMS from RDC,SKU0113,"Efavirenz/Lamivudine/Tenofovir Disoproxil Fumarate 600/300/300mg, tablets, 30 Tabs",Generic,30,555197,5329891.2,9.6,0.32,Mylan (formerly Matrix) Nashik,See DN-4257 (ID#:84468),See DN-4257 (ID#:84468),5479.13
86200,Nigeria,PMO - US,From RDC,N/A - From RDC,Air Charter,30-Jun-15,28-Apr-15,ARV,Adult,SCMS from RDC,SKU0054,"Lamivudine/Nevirapine/Zidovudine 150/200/300mg, tablets, 60 Tabs",Generic,60,150000,1158000,7.72,0.13,"Aurobindo Unit III, India",See DN-4260 (ID#:85596),See DN-4260 (ID#:85596),1190.42
86203,Nigeria,PMO - US,From RDC,N/A - From RDC,Air Charter,30-Jun-15,15-May-15,ARV,Adult,SCMS from RDC,SKU0113,"Efavirenz/Lamivudine/Tenofovir Disoproxil Fumarate 600/300/300mg, tablets, 30 Tabs",Generic,30,134991,1295913.6,9.6,0.32,"Aurobindo Unit VII, IN",26861,53937,1332.2
86204,Nigeria,PMO - US,From RDC,N/A - From RDC,Air Charter,30-Jun-15,15-May-15,ARV,Adult,SCMS from RDC,SKU0113,"Efavirenz/Lamivudine/Tenofovir Disoproxil Fumarate 600/300/300mg, tablets, 30 Tabs",Generic,30,59500,571200,9.6,0.32,Hetero Unit III Hyderabad IN,See DN-4273 (ID#:86203),See DN-4273 (ID#:86203),587.19
86205,Nigeria,PMO - US,From RDC,N/A - From RDC,Air Charter,30-Jun-15,15-May-15,ARV,Adult,SCMS from RDC,SKU0054,"Lamivudine/Nevirapine/Zidovudine 150/200/300mg, tablets, 60 Tabs",Generic,60,178329,1376699.88,7.72,0.13,"Hetero, Jadcherla, unit 5, IN",See DN-4275 (ID#:83337),See DN-4275 (ID#:83337),1415.25
86206,Nigeria,PMO - US,From RDC,N/A - From RDC,Air,2-Jun-15,22-Jun-15,ARV,Adult,SCMS from RDC,SKU0011,"Lamivudine/Zidovudine 150/300mg, tablets, 60 Tabs",Generic,60,37742,246077.84,6.52,0.11,Mylan (formerly Matrix) Nashik,3322,21533.88,289.63
86207,"Congo, DRC",PMO - US,From RDC,N/A - From RDC,Air,8-Jul-15,7-Aug-15,ARV,Adult,SCMS from RDC,SKU0026,"Efavirenz 600mg, tablets, 30 Tabs",Generic,30,9800,30576,3.12,0.1,"Strides, Bangalore, India.",See DN-4283 (ID#:83912),See DN-4283 (ID#:83912),35.99
86208,Uganda,PMO - US,From RDC,N/A - From RDC,Truck,31-Jul-15,23-Jul-15,ARV,Adult,SCMS from RDC,SKU0054,"Lamivudine/Nevirapine/Zidovudine 150/200/300mg, tablets, 60 Tabs",Generic,60,30881,250444.91,8.11,0.14,"Hetero, Jadcherla, unit 5, IN",See DN-4310 (ID#:82811),See DN-4310 (ID#:82811),294.77
86209,Zambia,PMO - US,From RDC,N/A - From RDC,Truck,31-Aug-15,25-Aug-15,ARV,Adult,SCMS from RDC,SKU0011,"Lamivudine/Zidovudine 150/300mg, tablets, 60 Tabs",Generic,60,55000,358600,6.52,0.11,Hetero Unit III Hyderabad IN,Weight Captured Separately,Freight Included in Commodity Cost,368.64
86210,Zambia,PMO - US,From RDC,N/A - From RDC,Truck,31-Aug-15,25-Aug-15,ARV,Pediatric,SCMS from RDC,SKU0157,"Abacavir/Lamivudine 60/30mg, dispersible tablets, 60 Tabs",Generic,60,44022,224071.98,5.09,0.08,"Cipla, Patalganga, India",Weight Captured Separately,Freight Included in Commodity Cost,230.35
86211,Rwanda,PMO - US,From RDC,N/A - From RDC,Air,18-Aug-15,25-Aug-15,ARV,Adult,SCMS from RDC,SKU0029,"Tenofovir Disoproxil Fumarate 300mg, tablets, 30 Tabs",Generic,30,385,1366.75,3.55,0.12,Mylan (formerly Matrix) Nashik,25,149.65,1.61
86212,Côte d'Ivoire,PMO - US,From RDC,N/A - From RDC,Truck,14-Aug-15,20-Aug-15,ARV,Adult,SCMS from RDC,SKU0026,"Efavirenz 600mg, tablets, 30 Tabs",Generic,30,9800,31262,3.19,0.11,"Strides, Bangalore, India.",622,4958,36.8
86213,Zimbabwe,PMO - US,From RDC,N/A - From RDC,Truck,31-Aug-15,4-Aug-15,ARV,Pediatric,SCMS from RDC,SKU0124,"Lamivudine/Zidovudine 30/60mg, dispersible tablets, 60 Tabs",Generic,60,17660,35143.4,1.99,0.03,"Cipla, Goa, India",3595,Freight Included in Commodity Cost,41.36
86216,Rwanda,PMO - US,From RDC,N/A - From RDC,Air,8-Sep-15,26-Aug-15,ARV,Pediatric,SCMS from RDC,SKU0142,"Efavirenz 200mg, scored tablets, 90 Tabs",Generic,90,2434,22636.2,9.3,0.1,"Strides, Bangalore, India.",See DN-4345 (ID#:82820),See DN-4345 (ID#:82820),26.64
86235,Nigeria,PMO - US,From RDC,N/A - From RDC,Air Charter,30-Jul-09,4-Aug-09,ARV,Adult,SCMS from RDC,SKU0026,"Efavirenz 600mg, tablets, 30 Tabs",Generic,30,301,2061.85,6.85,0.23,"Aurobindo Unit III, India",See DN-1311 (ID#:82837),See DN-1311 (ID#:82837),4.04
86236,Nigeria,PMO - US,From RDC,N/A - From RDC,Air,30-Jul-09,9-Jul-09,ARV,Pediatric,SCMS from RDC,SKU0093,"Lamivudine/Nevirapine/Stavudine 30/50/6mg, dispersible tablets, 60 Tabs",Generic,60,46,114.54,2.49,0.04,"Cipla, Goa, India",2,714.34,0.22
86237,Nigeria,PMO - US,From RDC,N/A - From RDC,Air Charter,31-Aug-09,4-Aug-09,ARV,Adult,SCMS from RDC,SKU0004,"Stavudine 30mg, capsules, 60 Caps",Generic,60,45,65.7,1.46,0.02,"Aurobindo Unit III, India",See DN-1360 (ID#:83371),See DN-1360 (ID#:83371),0.13
86238,Nigeria,PMO - US,From RDC,N/A - From RDC,Air Charter,30-Oct-09,20-Oct-09,ARV,Adult,SCMS from RDC,SKU0026,"Efavirenz 600mg, tablets, 30 Tabs",Generic,30,380,2363.6,6.22,0.21,"Aurobindo Unit III, India",See DN-1452 (ID#:82272),See DN-1452 (ID#:82272),4.63
86239,Nigeria,PMO - US,From RDC,N/A - From RDC,Air Charter,30-Oct-09,20-Oct-09,ARV,Adult,SCMS from RDC,SKU0004,"Stavudine 30mg, capsules, 60 Caps",Generic,60,63,91.98,1.46,0.02,"Aurobindo Unit III, India",See DN-1452 (ID#:82272),See DN-1452 (ID#:82272),0.18
86240,Nigeria,PMO - US,From RDC,N/A - From RDC,Air Charter,31-Oct-09,20-Oct-09,ARV,Pediatric,SCMS from RDC,SKU0001,"Nevirapine 10mg/ml, oral suspension, Bottle, 240 ml",Generic,240,1200,2304,1.92,0.01,"Aurobindo Unit III, India",445,9341.49,4.52
86241,Nigeria,PMO - US,From RDC,N/A - From RDC,Air Charter,15-Oct-09,20-Oct-09,ARV,Adult,SCMS from RDC,SKU0026,"Efavirenz 600mg, tablets, 30 Tabs",Generic,30,2200,13684,6.22,0.21,"Aurobindo Unit III, India",See DN-1456 (ID#:83952),See DN-1456 (ID#:83952),26.82
86242,Nigeria,PMO - US,From RDC,N/A - From RDC,Air Charter,18-Dec-09,20-Nov-09,ARV,Adult,SCMS from RDC,SKU0007,"Nevirapine 200mg, tablets, 60 Tabs",Generic,60,20025,58072.5,2.9,0.05,"Aurobindo Unit III, India",See DN-1493 (ID#:83374),See DN-1493 (ID#:83374),113.82
86243,Côte d'Ivoire,PMO - US,From RDC,N/A - From RDC,Air,1-Dec-09,2-Dec-09,ARV,Adult,SCMS from RDC,SKU0026,"Efavirenz 600mg, tablets, 30 Tabs",Generic,30,30464,176081.92,5.78,0.19,"Aurobindo Unit III, India",See DN-1523 (ID#:83961),See DN-1523 (ID#:83961),345.12
86244,Côte d'Ivoire,PMO - US,From RDC,N/A - From RDC,Air,1-Dec-09,2-Dec-09,ARV,Pediatric,SCMS from RDC,SKU0048,"Lamivudine 10mg/ml, oral solution, Bottle, 240 ml",Generic,240,2000,3800,1.9,0.01,"Aurobindo Unit III, India",688,1211.48,7.45
86245,Uganda,PMO - US,From RDC,N/A - From RDC,Air,17-Jan-10,25-Nov-09,ARV,Adult,SCMS from RDC,SKU0107,"Lamivudine/Tenofovir Disoproxil Fumarate 300/300mg, tablets, 30 Tabs",Generic,30,2150,21500,10,0.33,Mylan (formerly Matrix) Nashik,179,2196.29,42.14
86246,Uganda,PMO - US,From RDC,N/A - From RDC,Air,14-Jan-10,31-Dec-09,ARV,Adult,SCMS from RDC,SKU0011,"Lamivudine/Zidovudine 150/300mg, tablets, 60 Tabs",Generic,60,16575,145197,8.76,0.15,Mylan (formerly Matrix) Nashik,6843,7231,284.59
86247,Zimbabwe,PMO - US,From RDC,N/A - From RDC,Truck,18-Dec-09,7-Dec-09,ARV,Adult,SCMS from RDC,SKU0104,"Lamivudine/Stavudine 150/30mg, tablets, 60 Tabs",Generic,60,4000,16000,4,0.07,"Cipla, Goa, India",See DN-1554 (ID#:84514),See DN-1554 (ID#:84514),31.36
86248,Mozambique,PMO - US,From RDC,N/A - From RDC,Air,26-Feb-10,16-Jan-10,ARV,Adult,SCMS from RDC,SKU0011,"Lamivudine/Zidovudine 150/300mg, tablets, 60 Tabs",Generic,60,30564,267740.64,8.76,0.15,"Aurobindo Unit III, India",2773,6355.08,524.77
86249,Nigeria,PMO - US,From RDC,N/A - From RDC,Air Charter,31-Jan-10,18-Dec-09,ARV,Adult,SCMS from RDC,SKU0011,"Lamivudine/Zidovudine 150/300mg, tablets, 60 Tabs",Generic,60,11949,104673.24,8.76,0.15,"Aurobindo Unit III, India",1084,11637.65,205.16
86250,Uganda,PMO - US,From RDC,N/A - From RDC,Air,10-Feb-10,7-Jan-10,ARV,Adult,SCMS from RDC,SKU0026,"Efavirenz 600mg, tablets, 30 Tabs",Generic,30,2500,14450,5.78,0.19,"Aurobindo Unit III, India",216,2064.42,31.15
86251,Uganda,PMO - US,From RDC,N/A - From RDC,Air,17-Feb-10,23-Dec-09,ARV,Adult,SCMS from RDC,SKU0107,"Lamivudine/Tenofovir Disoproxil Fumarate 300/300mg, tablets, 30 Tabs",Generic,30,1100,11000,10,0.33,Mylan (formerly Matrix) Nashik,See DN-1598 (ID#:83392),See DN-1598 (ID#:83392),23.72
86252,Uganda,PMO - US,From RDC,N/A - From RDC,Air,17-Feb-10,23-Dec-09,ARV,Adult,SCMS from RDC,SKU0014,"Zidovudine 300mg, tablets, 60 Tabs",Generic,60,140,1054.2,7.53,0.13,"Aurobindo Unit III, India",See DN-1598 (ID#:83392),See DN-1598 (ID#:83392),2.27
86253,Zambia,PMO - US,From RDC,N/A - From RDC,Air,17-Jan-10,11-Jan-10,ARV,Adult,SCMS from RDC,SKU0104,"Lamivudine/Stavudine 150/30mg, tablets, 60 Tabs",Generic,60,80000,304000,3.8,0.06,"Strides, Bangalore, India.",4162,9939.38,595.84
86256,Haiti,PMO - US,From RDC,N/A - From RDC,Air,5-Mar-10,24-Feb-10,ARV,Pediatric,SCMS from RDC,SKU0049,"Efavirenz 50mg, capsule, 30 Caps",Generic,30,1528,3422.72,2.24,0.07,"Aurobindo Unit III, India",See DN-1617 (ID#:83395),See DN-1617 (ID#:83395),7.38
86257,Côte d'Ivoire,PMO - US,From RDC,N/A - From RDC,Air,8-Feb-10,23-Jan-10,ARV,Adult,SCMS from RDC,SKU0054,"Lamivudine/Nevirapine/Zidovudine 150/200/300mg, tablets, 60 Tabs",Generic,60,35000,392700,11.22,0.19,"Aurobindo Unit III, India",See DN-1620 (ID#:83974),See DN-1620 (ID#:83974),769.69
86258,Sudan,PMO - US,From RDC,N/A - From RDC,Air,30-Nov-09,22-Nov-09,HRDT,HIV test,SCMS from RDC,SKU0019,"HIV 1/2, Bioline 3.0 Kit, Lancets, Capillary pipets, Alcohol swabs included, 25 Tests",Bioline,25,100,2000,20,0.8,"Standard Diagnostics, Korea",See DN-1624 (ID#:82856),See DN-1624 (ID#:82856),3.92
86259,Uganda,PMO - US,From RDC,N/A - From RDC,Truck,22-Mar-10,29-Jan-10,ARV,Adult,SCMS from RDC,SKU0007,"Nevirapine 200mg, tablets, 60 Tabs",Generic,60,1600,4640,2.9,0.05,"Aurobindo Unit III, India",157,1601.5,10
86260,Uganda,PMO - US,From RDC,N/A - From RDC,Truck,3-Mar-10,29-Jan-10,ARV,Adult,SCMS from RDC,SKU0054,"Lamivudine/Nevirapine/Zidovudine 150/200/300mg, tablets, 60 Tabs",Generic,60,6600,74052,11.22,0.19,Mylan (formerly Matrix) Nashik,843,6470.51,159.66
86261,Uganda,PMO - US,From RDC,N/A - From RDC,Truck,25-Feb-10,29-Jan-10,ARV,Adult,SCMS from RDC,SKU0026,"Efavirenz 600mg, tablets, 30 Tabs",Generic,30,32660,188774.8,5.78,0.19,"Aurobindo Unit III, India",2804,5050.8,370
86262,Haiti,PMO - US,From RDC,N/A - From RDC,Air,5-Mar-10,3-Mar-10,ARV,Pediatric,SCMS from RDC,SKU0092,"Didanosine 200mg, chewable/dispersible tablets, 60 Tabs",Generic,60,192,2976,15.5,0.26,"Aurobindo Unit III, India",40,12016.69,6.42
86263,Uganda,PMO - US,From RDC,N/A - From RDC,Truck,25-Feb-10,18-Feb-10,ARV,Adult,SCMS from RDC,SKU0054,"Lamivudine/Nevirapine/Zidovudine 150/200/300mg, tablets, 60 Tabs",Generic,60,29,325.38,11.22,0.19,"Aurobindo Unit III, India",See DN-1638 (ID#:84526),See DN-1638 (ID#:84526),0.64
86265,Côte d'Ivoire,PMO - US,From RDC,N/A - From RDC,Air,10-May-10,15-Feb-10,ARV,Adult,SCMS from RDC,SKU0007,"Nevirapine 200mg, tablets, 60 Tabs",Generic,60,4149,11326.77,2.73,0.05,"Aurobindo Unit III, India",394,1083.3,24.42
86266,Uganda,PMO - US,From RDC,N/A - From RDC,Air,19-Mar-10,26-Feb-10,ARV,Adult,SCMS from RDC,SKU0014,"Zidovudine 300mg, tablets, 60 Tabs",Generic,60,744,5602.32,7.53,0.13,"Aurobindo Unit III, India",41,1152.14,10.98
86267,Uganda,PMO - US,From RDC,N/A - From RDC,Air,20-May-10,23-Dec-09,ARV,Adult,SCMS from RDC,SKU0014,"Zidovudine 300mg, tablets, 60 Tabs",Generic,60,6,45.18,7.53,0.13,"Aurobindo Unit III, India",Weight Captured Separately,Invoiced Separately,0.1
86268,Zambia,PMO - US,From RDC,N/A - From RDC,Truck,15-Mar-10,5-Mar-10,ARV,Adult,SCMS from RDC,SKU0014,"Zidovudine 300mg, tablets, 60 Tabs",Generic,60,60683,456942.99,7.53,0.13,Hetero Unit III Hyderabad IN,3325,3379.64,895.61
86269,Côte d'Ivoire,PMO - US,From RDC,N/A - From RDC,Air,28-Jun-10,1-Mar-10,ARV,Adult,SCMS from RDC,SKU0041,"Stavudine 15mg, capsules, 60 Caps",Generic,60,864,1296,1.5,0.02,"Aurobindo Unit III, India",56,3688.33,2.79
86270,Zimbabwe,PMO - US,From RDC,N/A - From RDC,Truck,31-Mar-10,12-Mar-10,ARV,Adult,SCMS from RDC,SKU0104,"Lamivudine/Stavudine 150/30mg, tablets, 60 Tabs",Generic,60,1900,6460,3.4,0.06,"Cipla, Goa, India",See DN-1659 (ID#:82859),See DN-1659 (ID#:82859),13.93
86271,Zimbabwe,PMO - US,From RDC,N/A - From RDC,Air,31-Mar-10,12-Mar-10,ARV,Adult,SCMS from RDC,SKU0104,"Lamivudine/Stavudine 150/30mg, tablets, 60 Tabs",Generic,60,1900,6460,3.4,0.06,"Cipla, Goa, India",See DN-1660 (ID#:82296),See DN-1660 (ID#:82296),13.93
86272,Haiti,PMO - US,From RDC,N/A - From RDC,Air,10-Mar-10,3-Mar-10,ARV,Adult,SCMS from RDC,SKU0004,"Stavudine 30mg, capsules, 60 Caps",Generic,60,3690,5387.4,1.46,0.02,"Strides, Bangalore, India.",177,6036.96,11.62
86273,Haiti,PMO - US,From RDC,N/A - From RDC,Air,12-Mar-10,3-Mar-10,ARV,Adult,SCMS from RDC,SKU0011,"Lamivudine/Zidovudine 150/300mg, tablets, 60 Tabs",Generic,60,19056,166930.56,8.76,0.15,Mylan (formerly Matrix) Nashik,1517,6036.96,359.9
86274,Haiti,PMO - US,From RDC,N/A - From RDC,Air,10-Mar-10,3-Mar-10,ARV,Adult,SCMS from RDC,SKU0003,"Lamivudine 150mg, tablets, 60 Tabs",Generic,60,7920,19324.8,2.44,0.04,"Aurobindo Unit III, India",See DN-1667 (ID#:82861),See DN-1667 (ID#:82861),41.66
86275,Mozambique,PMO - US,From RDC,N/A - From RDC,Truck,28-Apr-10,28-Apr-10,ARV,Adult,SCMS from RDC,SKU0104,"Lamivudine/Stavudine 150/30mg, tablets, 60 Tabs",Generic,60,24880,84592,3.4,0.06,"Strides, Bangalore, India.",1401,4764.16,182.38
86276,Mozambique,PMO - US,From RDC,N/A - From RDC,Truck,28-Apr-10,28-Apr-10,ARV,Adult,SCMS from RDC,SKU0104,"Lamivudine/Stavudine 150/30mg, tablets, 60 Tabs",Generic,60,1340,4556,3.4,0.06,"Cipla, Goa, India",See DN-1679 (ID#:86275),See DN-1679 (ID#:86275),9.82
86277,Nigeria,PMO - US,From RDC,N/A - From RDC,Air Charter,19-Apr-10,31-Mar-10,ARV,Adult,SCMS from RDC,SKU0003,"Lamivudine 150mg, tablets, 60 Tabs",Generic,60,64,156.16,2.44,0.04,"Aurobindo Unit III, India",4,124350.82,0.34
86278,Uganda,PMO - US,From RDC,N/A - From RDC,Air,1-Apr-10,25-Mar-10,ARV,Adult,SCMS from RDC,SKU0107,"Lamivudine/Tenofovir Disoproxil Fumarate 300/300mg, tablets, 30 Tabs",Generic,30,2000,20000,10,0.33,Mylan (formerly Matrix) Nashik,168,1905.63,43.12
86279,Nigeria,PMO - US,From RDC,N/A - From RDC,Air Charter,19-Apr-10,31-Mar-10,ARV,Adult,SCMS from RDC,SKU0007,"Nevirapine 200mg, tablets, 60 Tabs",Generic,60,3948,10778.04,2.73,0.05,"Aurobindo Unit III, India",380,Freight Included in Commodity Cost,23.24
86280,Nigeria,PMO - US,From RDC,N/A - From RDC,Air Charter,19-Apr-10,31-Mar-10,ARV,Adult,SCMS from RDC,SKU0054,"Lamivudine/Nevirapine/Zidovudine 150/200/300mg, tablets, 60 Tabs",Generic,60,7583,85081.26,11.22,0.19,"Aurobindo Unit III, India",890,Freight Included in Commodity Cost,183.44
86281,Nigeria,PMO - US,From RDC,N/A - From RDC,Air Charter,31-May-10,31-Mar-10,ARV,Adult,SCMS from RDC,SKU0059,"Stavudine 20mg, capsules, 60 Caps",Generic,60,61,87.23,1.43,0.02,"Aurobindo Unit III, India",4,Freight Included in Commodity Cost,0.19
86282,Nigeria,PMO - US,From RDC,N/A - From RDC,Air Charter,19-Apr-10,31-Mar-10,ARV,Adult,SCMS from RDC,SKU0044,"Lamivudine/Nevirapine/Stavudine 150/200/30mg, tablets, 60 Tabs",Generic,60,11332,69238.52,6.11,0.1,"Strides, Bangalore, India.",855,Freight Included in Commodity Cost,149.28
86283,Nigeria,PMO - US,From RDC,N/A - From RDC,Air Charter,19-Apr-10,31-Mar-10,ARV,Adult,SCMS from RDC,SKU0011,"Lamivudine/Zidovudine 150/300mg, tablets, 60 Tabs",Generic,60,10773,94371.48,8.76,0.15,Mylan (formerly Matrix) Nashik,859,Freight Included in Commodity Cost,203.46
86284,Nigeria,PMO - US,From RDC,N/A - From RDC,Air Charter,31-Mar-10,31-Mar-10,ARV,Adult,SCMS from RDC,SKU0104,"Lamivudine/Stavudine 150/30mg, tablets, 60 Tabs",Generic,60,28,95.2,3.4,0.06,"Strides, Bangalore, India.",2,Freight Included in Commodity Cost,0.21
86285,Nigeria,PMO - US,From RDC,N/A - From RDC,Air Charter,19-Apr-10,31-Mar-10,ARV,Adult,SCMS from RDC,SKU0014,"Zidovudine 300mg, tablets, 60 Tabs",Generic,60,5000,37500,7.5,0.12,Mylan (formerly Matrix) Nashik,264,Freight Included in Commodity Cost,80.85
86286,Nigeria,PMO - US,From RDC,N/A - From RDC,Air Charter,19-Apr-10,31-Mar-10,ARV,Adult,SCMS from RDC,SKU0014,"Zidovudine 300mg, tablets, 60 Tabs",Generic,60,1000,7500,7.5,0.12,Mylan (formerly Matrix) Nashik,Weight Captured Separately,Invoiced Separately,16.17
86287,Nigeria,PMO - US,From RDC,N/A - From RDC,Air Charter,31-Mar-10,31-Mar-10,ARV,Pediatric,SCMS from RDC,SKU0066,"Efavirenz 200mg, capsule, 90 Caps",Generic,90,1000,10070,10.07,0.11,"Aurobindo Unit III, India",119,Freight Included in Commodity Cost,21.71
86288,Uganda,PMO - US,From RDC,N/A - From RDC,Truck,1-Apr-10,25-Mar-10,ARV,Adult,SCMS from RDC,SKU0054,"Lamivudine/Nevirapine/Zidovudine 150/200/300mg, tablets, 60 Tabs",Generic,60,3354,37631.88,11.22,0.19,"Aurobindo Unit III, India",393,1694,73.76
86289,Côte d'Ivoire,PMO - US,From RDC,N/A - From RDC,Air,6-Apr-10,1-Apr-10,ARV,Adult,SCMS from RDC,SKU0014,"Zidovudine 300mg, tablets, 60 Tabs",Generic,60,915,6889.95,7.53,0.13,"Aurobindo Unit III, India",51,1702.92,13.5
86290,Tanzania,PMO - US,From RDC,N/A - From RDC,Air,21-Jul-10,21-Apr-10,ARV,Adult,SCMS from RDC,SKU0007,"Nevirapine 200mg, tablets, 60 Tabs",Generic,60,3319,9060.87,2.73,0.05,"Aurobindo Unit III, India",699,3952.34,19.54
86291,Tanzania,PMO - US,From RDC,N/A - From RDC,Air,21-Jul-10,21-Apr-10,ARV,Adult,SCMS from RDC,SKU0007,"Nevirapine 200mg, tablets, 60 Tabs",Generic,60,3529,9634.17,2.73,0.05,"Cipla, Goa, India",See DN-1768 (ID#:86290),See DN-1768 (ID#:86290),20.77
86293,Zambia,PMO - US,From RDC,N/A - From RDC,Truck,30-Apr-10,16-Apr-10,ARV,Adult,SCMS from RDC,SKU0026,"Efavirenz 600mg, tablets, 30 Tabs",Generic,30,115000,546250,4.75,0.16,Mylan (formerly Matrix) Nashik,See DN-1775 (ID#:84550),See DN-1775 (ID#:84550),1070.65
86294,Nigeria,PMO - US,From RDC,N/A - From RDC,Air Charter,31-May-10,18-May-10,ARV,Adult,SCMS from RDC,SKU0026,"Efavirenz 600mg, tablets, 30 Tabs",Generic,30,12240,58140,4.75,0.16,"Aurobindo Unit III, India",1082,9736.1,125.35
86295,Nigeria,PMO - US,From RDC,N/A - From RDC,Air Charter,31-May-10,18-May-10,ARV,Adult,SCMS from RDC,SKU0026,"Efavirenz 600mg, tablets, 30 Tabs",Generic,30,336,1596,4.75,0.16,"Aurobindo Unit III, India",30,9736.1,3.44
86296,Mozambique,PMO - US,From RDC,N/A - From RDC,Truck,21-Jun-10,14-Jun-10,ARV,Adult,SCMS from RDC,SKU0104,"Lamivudine/Stavudine 150/30mg, tablets, 60 Tabs",Generic,60,8670,29478,3.4,0.06,"Cipla, Goa, India",See DN-1795 (ID#:82315),See DN-1795 (ID#:82315),63.55
86297,Mozambique,PMO - US,From RDC,N/A - From RDC,Truck,21-Jun-10,14-Jun-10,ARV,Adult,SCMS from RDC,SKU0014,"Zidovudine 300mg, tablets, 60 Tabs",Generic,60,5040,36338.4,7.21,0.12,Hetero Unit III Hyderabad IN,See DN-1795 (ID#:82315),See DN-1795 (ID#:82315),78.35
86298,Nigeria,PMO - US,From RDC,N/A - From RDC,Air Charter,31-May-10,18-May-10,ARV,Adult,SCMS from RDC,SKU0132,"Efavirenz/Emtricitabine/Tenofovir Disoproxil Fumarate 600/200/300mg, tablets, 30 Tabs",Generic,30,52000,1035840,19.92,0.66,Mylan (formerly Matrix) Nashik,5701,9736.1,2233.27
86299,Nigeria,PMO - US,From RDC,N/A - From RDC,Air Charter,31-May-10,18-May-10,ARV,Adult,SCMS from RDC,SKU0132,"Efavirenz/Emtricitabine/Tenofovir Disoproxil Fumarate 600/200/300mg, tablets, 30 Tabs",Generic,30,11040,219916.8,19.92,0.66,Mylan (formerly Matrix) Nashik,1210,9736.1,474.14
86300,Nigeria,PMO - US,From RDC,N/A - From RDC,Air Charter,31-May-10,18-May-10,ARV,Adult,SCMS from RDC,SKU0132,"Efavirenz/Emtricitabine/Tenofovir Disoproxil Fumarate 600/200/300mg, tablets, 30 Tabs",Generic,30,3000,59760,19.92,0.66,Mylan (formerly Matrix) Nashik,329,9736.1,128.84
86301,Nigeria,PMO - US,From RDC,N/A - From RDC,Air Charter,31-May-10,18-May-10,ARV,Adult,SCMS from RDC,SKU0105,"Emtricitabine/Tenofovir Disoproxil Fumarate 200/300mg, tablets, 30 Tabs",Generic,30,109140,1282395,11.75,0.39,Mylan (formerly Matrix) Nashik,8735,9736.1,2764.84
86302,Haiti,PMO - US,From RDC,N/A - From RDC,Air,17-May-10,19-May-10,ARV,Adult,SCMS from RDC,SKU0007,"Nevirapine 200mg, tablets, 60 Tabs",Generic,60,26400,70224,2.66,0.04,"Strides, Bangalore, India.",1456,25493.03,151.4
86303,Nigeria,PMO - US,From RDC,N/A - From RDC,Air Charter,31-May-10,18-May-10,ARV,Adult,SCMS from RDC,SKU0007,"Nevirapine 200mg, tablets, 60 Tabs",Generic,60,10000,26600,2.66,0.04,"Strides, Bangalore, India.",549,9736.1,57.35
86304,Côte d'Ivoire,PMO - US,From RDC,N/A - From RDC,Air,10-May-10,7-May-10,ARV,Adult,SCMS from RDC,SKU0011,"Lamivudine/Zidovudine 150/300mg, tablets, 60 Tabs",Generic,60,45024,384955.2,8.55,0.14,Mylan (formerly Matrix) Nashik,See DN-1799 (ID#:84560),See DN-1799 (ID#:84560),829.96
86305,Zimbabwe,PMO - US,From RDC,N/A - From RDC,Air,28-May-10,31-May-10,ARV,Adult,SCMS from RDC,SKU0044,"Lamivudine/Nevirapine/Stavudine 150/200/30mg, tablets, 60 Tabs",Generic,60,28610,167368.5,5.85,0.1,"Strides, Bangalore, India.",See DN-1831 (ID#:84564),See DN-1831 (ID#:84564),328.04
86306,Mozambique,PMO - US,From RDC,N/A - From RDC,Truck,30-Jun-10,14-Jun-10,ARV,Adult,SCMS from RDC,SKU0054,"Lamivudine/Nevirapine/Zidovudine 150/200/300mg, tablets, 60 Tabs",Generic,60,13446,150864.12,11.22,0.19,Mylan (formerly Matrix) Nashik,See DN-1832 (ID#:82321),See DN-1832 (ID#:82321),325.26
86307,Côte d'Ivoire,PMO - US,From RDC,N/A - From RDC,Air,3-Jun-10,7-Jun-10,ARV,Adult,SCMS from RDC,SKU0029,"Tenofovir Disoproxil Fumarate 300mg, tablets, 30 Tabs",Generic,30,488,3728.32,7.64,0.25,Mylan (formerly Matrix) Nashik,28,2677.09,8.04
86308,Ethiopia,PMO - US,From RDC,N/A - From RDC,Air,21-Jun-10,1-Jun-10,ARV,Adult,SCMS from RDC,SKU0003,"Lamivudine 150mg, tablets, 60 Tabs",Generic,60,1481,3613.64,2.44,0.04,Mylan (formerly Matrix) Nashik,See DN-1857 (ID#:82892),See DN-1857 (ID#:82892),7.79
86309,Zambia,PMO - US,From RDC,N/A - From RDC,Truck,30-Jun-10,29-Jun-10,ARV,Adult,SCMS from RDC,SKU0011,"Lamivudine/Zidovudine 150/300mg, tablets, 60 Tabs",Generic,60,100000,876000,8.76,0.15,Hetero Unit III Hyderabad IN,8544,11054.56,1716.96
86310,Côte d'Ivoire,PMO - US,From RDC,N/A - From RDC,Air,5-Jul-10,30-Jun-10,ARV,Adult,SCMS from RDC,SKU0104,"Lamivudine/Stavudine 150/30mg, tablets, 60 Tabs",Generic,60,8021,26308.88,3.28,0.05,"Cipla, Goa, India",611,17117.51,56.72
86311,Côte d'Ivoire,PMO - US,From RDC,N/A - From RDC,Air,9-Jul-10,5-Jul-10,ARV,Adult,SCMS from RDC,SKU0162,"Abacavir/Lamivudine 600/300mg, scored tablets, 30 Tabs",Generic,30,1200,27600,23,0.77,Mylan (formerly Matrix) Nashik,108,5121.68,59.51
86312,Nigeria,PMO - US,From RDC,N/A - From RDC,Air,15-Jul-10,28-Jun-10,ARV,Adult,SCMS from RDC,SKU0054,"Lamivudine/Nevirapine/Zidovudine 150/200/300mg, tablets, 60 Tabs",Generic,60,51132,573701.04,11.22,0.19,"Aurobindo Unit III, India",6002,Freight Included in Commodity Cost,1236.9
86313,Nigeria,PMO - US,From RDC,N/A - From RDC,Air,15-Jul-10,28-Jun-10,ARV,Adult,SCMS from RDC,SKU0026,"Efavirenz 600mg, tablets, 30 Tabs",Generic,30,5705,26243,4.6,0.15,"Aurobindo Unit III, India",Weight Captured Separately,Freight Included in Commodity Cost,56.58
86314,Nigeria,PMO - US,From RDC,N/A - From RDC,Air,15-Jul-10,28-Jun-10,ARV,Adult,SCMS from RDC,SKU0026,"Efavirenz 600mg, tablets, 30 Tabs",Generic,30,10000,46000,4.6,0.15,"Aurobindo Unit III, India",857,Freight Included in Commodity Cost,99.18
86315,Nigeria,PMO - US,From RDC,N/A - From RDC,Air,15-Jul-10,28-Jun-10,ARV,Adult,SCMS from RDC,SKU0003,"Lamivudine 150mg, tablets, 60 Tabs",Generic,60,64,156.16,2.44,0.04,"Aurobindo Unit III, India",3,Freight Included in Commodity Cost,0.34
86316,Nigeria,PMO - US,From RDC,N/A - From RDC,Air,15-Jul-10,28-Jun-10,ARV,Adult,SCMS from RDC,SKU0014,"Zidovudine 300mg, tablets, 60 Tabs",Generic,60,3000,22500,7.5,0.12,"Aurobindo Unit III, India",165,Freight Included in Commodity Cost,48.51
86317,Zimbabwe,PMO - US,From RDC,N/A - From RDC,Air,30-Jul-10,22-Jul-10,ARV,Adult,SCMS from RDC,SKU0104,"Lamivudine/Stavudine 150/30mg, tablets, 60 Tabs",Generic,60,99,324.72,3.28,0.05,"Cipla, Goa, India",See DN-1948 (ID#:82906),See DN-1948 (ID#:82906),0.7
86318,Nigeria,PMO - US,From RDC,N/A - From RDC,Air,31-Aug-10,17-Aug-10,ARV,Adult,SCMS from RDC,SKU0054,"Lamivudine/Nevirapine/Zidovudine 150/200/300mg, tablets, 60 Tabs",Generic,60,5000,56100,11.22,0.19,"Aurobindo Unit III, India",608,6147.18,120.95
86319,Ethiopia,PMO - US,From RDC,N/A - From RDC,Air,21-Sep-10,19-Jul-10,ARV,Adult,SCMS from RDC,SKU0044,"Lamivudine/Nevirapine/Stavudine 150/200/30mg, tablets, 60 Tabs",Generic,60,11485,65809.05,5.73,0.1,"Strides, Bangalore, India.",See DN-1951 (ID#:84026),See DN-1951 (ID#:84026),141.88
86320,Nigeria,PMO - US,From RDC,N/A - From RDC,Air Charter,16-Aug-10,17-Aug-10,ARV,Adult,SCMS from RDC,SKU0054,"Lamivudine/Nevirapine/Zidovudine 150/200/300mg, tablets, 60 Tabs",Generic,60,40750,457215,11.22,0.19,"Aurobindo Unit III, India",5366,6147.18,985.76
86321,Haiti,PMO - US,From RDC,N/A - From RDC,Air,10-Aug-10,23-Aug-10,ARV,Pediatric,SCMS from RDC,SKU0005,"Zidovudine 10mg/ml, oral solution, Bottle, 240 ml",Generic,240,4672,9437.44,2.02,0.01,"Aurobindo Unit III, India",See DN-1964 (ID#:82908),See DN-1964 (ID#:82908),20.35
86322,Nigeria,PMO - US,From RDC,N/A - From RDC,Air Charter,31-Aug-10,17-Aug-10,ARV,Adult,SCMS from RDC,SKU0105,"Emtricitabine/Tenofovir Disoproxil Fumarate 200/300mg, tablets, 30 Tabs",Generic,30,65502,769648.5,11.75,0.39,Mylan (formerly Matrix) Nashik,5896,6147.18,1659.36
86323,Nigeria,PMO - US,From RDC,N/A - From RDC,Air Charter,31-Aug-10,17-Aug-10,ARV,Adult,SCMS from RDC,SKU0105,"Emtricitabine/Tenofovir Disoproxil Fumarate 200/300mg, tablets, 30 Tabs",Generic,30,10000,117500,11.75,0.39,Mylan (formerly Matrix) Nashik,900,6147.18,253.33
86324,Nigeria,PMO - US,From RDC,N/A - From RDC,Air Charter,31-Aug-10,17-Aug-10,ARV,Adult,SCMS from RDC,SKU0105,"Emtricitabine/Tenofovir Disoproxil Fumarate 200/300mg, tablets, 30 Tabs",Generic,30,2500,29375,11.75,0.39,Mylan (formerly Matrix) Nashik,225,6147.18,63.33
86325,Nigeria,PMO - US,From RDC,N/A - From RDC,Air Charter,31-Aug-10,17-Aug-10,ARV,Adult,SCMS from RDC,SKU0054,"Lamivudine/Nevirapine/Zidovudine 150/200/300mg, tablets, 60 Tabs",Generic,60,1700,19074,11.22,0.19,"Aurobindo Unit III, India",224,6147.18,41.12
86326,Côte d'Ivoire,PMO - US,From RDC,N/A - From RDC,Air,23-Aug-10,23-Aug-10,ARV,Adult,SCMS from RDC,SKU0053,"Emtricitabine/Tenofovir Disoproxil Fumarate 200/300mg [Truvada], tablets, 30 Tabs",Truvada,30,4080,107100,26.25,0.88,"Aspen-OSD, Port Elizabeth, SA",See DN-1982 (ID#:82910),See DN-1982 (ID#:82910),230.91
86327,Côte d'Ivoire,PMO - US,From RDC,N/A - From RDC,Air,31-Aug-10,23-Aug-10,ARV,Adult,SCMS from RDC,SKU0041,"Stavudine 15mg, capsules, 60 Caps",Generic,60,864,1296,1.5,0.02,"Aurobindo Unit III, India",See DN-1983 (ID#:82347),See DN-1983 (ID#:82347),2.79
86328,Côte d'Ivoire,PMO - US,From RDC,N/A - From RDC,Air,31-Aug-10,23-Aug-10,ARV,Adult,SCMS from RDC,SKU0003,"Lamivudine 150mg, tablets, 60 Tabs",Generic,60,12386,28859.38,2.33,0.04,"Aurobindo Unit III, India",See DN-1984 (ID#:83453),See DN-1984 (ID#:83453),62.22
86329,Nigeria,PMO - US,From RDC,N/A - From RDC,Air Charter,12-Aug-10,17-Aug-10,ARV,Adult,SCMS from RDC,SKU0007,"Nevirapine 200mg, tablets, 60 Tabs",Generic,60,1400,3822,2.73,0.05,"Strides, Bangalore, India.",See DN-1994 (ID#:85140),See DN-1994 (ID#:85140),8.24
86330,Uganda,PMO - US,From RDC,N/A - From RDC,Air,29-Oct-10,27-Sep-10,ARV,Adult,SCMS from RDC,SKU0054,"Lamivudine/Nevirapine/Zidovudine 150/200/300mg, tablets, 60 Tabs",Generic,60,75000,841500,11.22,0.19,"Aurobindo Unit III, India",See DN-1997 (ID#:82914),See DN-1997 (ID#:82914),1814.27
86331,Ethiopia,PMO - US,From RDC,N/A - From RDC,Air,21-Sep-10,24-Aug-10,ARV,Adult,SCMS from RDC,SKU0044,"Lamivudine/Nevirapine/Stavudine 150/200/30mg, tablets, 60 Tabs",Generic,60,9200,52716,5.73,0.1,"Strides, Bangalore, India.",668,2633.57,113.66
86332,Zambia,PMO - US,From RDC,N/A - From RDC,Air,22-Sep-10,1-Sep-10,ARV,Adult,SCMS from RDC,SKU0058,"Abacavir 300mg, tablets, 60 Tabs",Generic,60,13455,230618.7,17.14,0.29,Mylan (formerly Matrix) Nashik,See DN-2003 (ID#:85146),See DN-2003 (ID#:85146),497.21
86333,Côte d'Ivoire,PMO - US,From RDC,N/A - From RDC,Air,10-Sep-10,6-Sep-10,ARV,Pediatric,SCMS from RDC,SKU0092,"Didanosine 200mg, chewable/dispersible tablets, 60 Tabs",Generic,60,3968,61504,15.5,0.26,"Aurobindo Unit III, India",842,8815.65,132.6
86334,Tanzania,PMO - US,From RDC,N/A - From RDC,Air,30-Sep-10,10-Sep-10,ARV,Adult,SCMS from RDC,SKU0026,"Efavirenz 600mg, tablets, 30 Tabs",Generic,30,44669,198777.05,4.45,0.15,Mylan (formerly Matrix) Nashik,See DN-2008 (ID#:84038),See DN-2008 (ID#:84038),428.56
86335,Côte d'Ivoire,PMO - US,From RDC,N/A - From RDC,Air,30-Sep-10,25-Sep-10,ARV,Adult,SCMS from RDC,SKU0026,"Efavirenz 600mg, tablets, 30 Tabs",Generic,30,26076,116038.2,4.45,0.15,Mylan (formerly Matrix) Nashik,See DN-2011 (ID#:82350),See DN-2011 (ID#:82350),250.18
86336,Mozambique,PMO - US,From RDC,N/A - From RDC,Truck,15-Oct-10,29-Oct-10,ARV,Adult,SCMS from RDC,SKU0054,"Lamivudine/Nevirapine/Zidovudine 150/200/300mg, tablets, 60 Tabs",Generic,60,71449,801657.78,11.22,0.19,"Aurobindo Unit III, India",See DN-2014 (ID#:85708),See DN-2014 (ID#:85708),1728.37
86337,Haiti,PMO - US,From RDC,N/A - From RDC,Air,30-Sep-10,7-Oct-10,ARV,Pediatric,SCMS from RDC,SKU0049,"Efavirenz 50mg, capsule, 30 Caps",Generic,30,70,156.8,2.24,0.07,"Aurobindo Unit III, India",See DN-2015 (ID#:82917),See DN-2015 (ID#:82917),0.34
86338,Guyana,PMO - US,From RDC,N/A - From RDC,Air,23-Nov-10,19-Sep-10,ARV,Pediatric,SCMS from RDC,SKU0065,"Zidovudine 100mg, capsules, 100 Caps",Generic,100,457,2211.88,4.84,0.05,"Aurobindo Unit III, India",See DN-2017 (ID#:82918),See DN-2017 (ID#:82918),4.77
86339,Guyana,PMO - US,From RDC,N/A - From RDC,Air,23-Nov-10,19-Sep-10,ARV,Pediatric,SCMS from RDC,SKU0005,"Zidovudine 10mg/ml, oral solution, Bottle, 240 ml",Generic,240,567,1145.34,2.02,0.01,"Aurobindo Unit III, India",See DN-2017 (ID#:82918),See DN-2017 (ID#:82918),2.47
86340,Zambia,PMO - US,From RDC,N/A - From RDC,Truck,4-Nov-10,12-Oct-10,ARV,Adult,SCMS from RDC,SKU0026,"Efavirenz 600mg, tablets, 30 Tabs",Generic,30,8200,36490,4.45,0.15,"Aurobindo Unit III, India",See DN-2018 (ID#:82352),See DN-2018 (ID#:82352),78.67
86341,Nigeria,PMO - US,From RDC,N/A - From RDC,Air,22-Oct-10,10-Nov-10,ARV,Adult,SCMS from RDC,SKU0026,"Efavirenz 600mg, tablets, 30 Tabs",Generic,30,48860,212052.4,4.34,0.14,"Aurobindo Unit III, India",See DN-2025 (ID#:83460),See DN-2025 (ID#:83460),457.18
86342,Nigeria,PMO - US,From RDC,N/A - From RDC,Air,22-Oct-10,10-Nov-10,ARV,Adult,SCMS from RDC,SKU0003,"Lamivudine 150mg, tablets, 60 Tabs",Generic,60,4100,9553,2.33,0.04,Hetero Unit III Hyderabad IN,See DN-2025 (ID#:83460),See DN-2025 (ID#:83460),20.6
86343,Zambia,PMO - US,From RDC,N/A - From RDC,Truck,4-Nov-10,22-Oct-10,ARV,Adult,SCMS from RDC,SKU0104,"Lamivudine/Stavudine 150/30mg, tablets, 60 Tabs",Generic,60,40900,134152,3.28,0.05,"Cipla, Goa, India",3127,8109.92,289.23
86344,Uganda,PMO - US,From RDC,N/A - From RDC,Air,20-Oct-10,26-Oct-10,ARV,Adult,SCMS from RDC,SKU0104,"Lamivudine/Stavudine 150/30mg, tablets, 60 Tabs",Generic,60,204,669.12,3.28,0.05,"Cipla, Goa, India",See DN-2031 (ID#:83459),See DN-2031 (ID#:83459),1.44
86345,Nigeria,PMO - US,From RDC,N/A - From RDC,Air,22-Oct-10,10-Nov-10,ARV,Adult,SCMS from RDC,SKU0029,"Tenofovir Disoproxil Fumarate 300mg, tablets, 30 Tabs",Generic,30,2500,18250,7.3,0.24,Mylan (formerly Matrix) Nashik,See DN-2025 (ID#:83460),See DN-2025 (ID#:83460),39.35
86346,Côte d'Ivoire,PMO - US,From RDC,N/A - From RDC,Truck,30-Nov-10,26-Nov-10,ARV,Adult,SCMS from RDC,SKU0029,"Tenofovir Disoproxil Fumarate 300mg, tablets, 30 Tabs",Generic,30,2480,18104,7.3,0.24,Mylan (formerly Matrix) Nashik,See DN-2035 (ID#:82356),See DN-2035 (ID#:82356),39.03
86347,Côte d'Ivoire,PMO - US,From RDC,N/A - From RDC,Truck,30-Nov-10,26-Nov-10,ARV,Pediatric,SCMS from RDC,SKU0092,"Didanosine 200mg, chewable/dispersible tablets, 60 Tabs",Generic,60,1192,18476,15.5,0.26,"Aurobindo Unit III, India",See DN-2035 (ID#:82356),See DN-2035 (ID#:82356),39.83
86348,Nigeria,PMO - US,From RDC,N/A - From RDC,Air Charter,16-Nov-10,10-Nov-10,ARV,Adult,SCMS from RDC,SKU0007,"Nevirapine 200mg, tablets, 60 Tabs",Generic,60,34650,89397,2.58,0.04,"Aurobindo Unit III, India",3934,20264.93,192.74
86349,Nigeria,PMO - US,From RDC,N/A - From RDC,Air Charter,18-Nov-10,9-Nov-10,ARV,Adult,SCMS from RDC,SKU0007,"Nevirapine 200mg, tablets, 60 Tabs",Generic,60,11022,28436.76,2.58,0.04,"Aurobindo Unit III, India",See DN-2047 (ID#:82925),See DN-2047 (ID#:82925),61.31
86350,Mozambique,PMO - US,From RDC,N/A - From RDC,Truck,14-Dec-10,7-Jan-11,ARV,Adult,SCMS from RDC,SKU0054,"Lamivudine/Nevirapine/Zidovudine 150/200/300mg, tablets, 60 Tabs",Generic,60,120099,1347510.78,11.22,0.19,"Aurobindo Unit III, India",16015,12239.88,2905.23
86351,Zambia,PMO - US,From RDC,N/A - From RDC,Truck,26-Nov-10,3-Dec-10,ARV,Adult,SCMS from RDC,SKU0026,"Efavirenz 600mg, tablets, 30 Tabs",Generic,30,170000,768400,4.52,0.15,Mylan (formerly Matrix) Nashik,See DN-2053 (ID#:85164),See DN-2053 (ID#:85164),1656.67
86352,Zambia,PMO - US,From RDC,N/A - From RDC,Truck,26-Nov-10,3-Dec-10,ARV,Adult,SCMS from RDC,SKU0105,"Emtricitabine/Tenofovir Disoproxil Fumarate 200/300mg, tablets, 30 Tabs",Generic,30,59446,698490.5,11.75,0.39,Mylan (formerly Matrix) Nashik,See DN-2053 (ID#:85164),See DN-2053 (ID#:85164),1505.95
86353,Uganda,PMO - US,From RDC,N/A - From RDC,Air,2-Dec-10,29-Nov-10,ARV,Adult,SCMS from RDC,SKU0007,"Nevirapine 200mg, tablets, 60 Tabs",Generic,60,10685,28422.1,2.66,0.04,Hetero Unit III Hyderabad IN,See DN-2056 (ID#:84604),See DN-2056 (ID#:84604),61.28
86354,Côte d'Ivoire,PMO - US,From RDC,N/A - From RDC,Truck,30-Nov-10,22-Dec-10,ARV,Adult,SCMS from RDC,SKU0007,"Nevirapine 200mg, tablets, 60 Tabs",Generic,60,100425,267130.5,2.66,0.04,"Strides, Bangalore, India.",6880,7826.75,575.93
86355,Dominican Republic,PMO - US,From RDC,N/A - From RDC,Air,31-Jan-11,8-Dec-10,ARV,Adult,SCMS from RDC,SKU0011,"Lamivudine/Zidovudine 150/300mg, tablets, 60 Tabs",Generic,60,16000,136800,8.55,0.14,"Aurobindo Unit III, India",See DN-2065 (ID#:82360),See DN-2065 (ID#:82360),225.72
86356,Dominican Republic,PMO - US,From RDC,N/A - From RDC,Air,31-Jan-11,8-Dec-10,ARV,Adult,SCMS from RDC,SKU0003,"Lamivudine 150mg, tablets, 60 Tabs",Generic,60,439,1022.87,2.33,0.04,"Strides, Bangalore, India.",See DN-2065 (ID#:82360),See DN-2065 (ID#:82360),1.69
86357,Uganda,PMO - US,From RDC,N/A - From RDC,Truck,15-Dec-10,1-Dec-10,ARV,Adult,SCMS from RDC,SKU0011,"Lamivudine/Zidovudine 150/300mg, tablets, 60 Tabs",Generic,60,3570,30523.5,8.55,0.14,Hetero Unit III Hyderabad IN,294,2894,65.81
86358,Côte d'Ivoire,PMO - US,From RDC,N/A - From RDC,Air,15-Dec-10,15-Dec-10,ARV,Adult,SCMS from RDC,SKU0014,"Zidovudine 300mg, tablets, 60 Tabs",Generic,60,6438,46417.98,7.21,0.12,"Aurobindo Unit III, India",See DN-2076 (ID#:85168),See DN-2076 (ID#:85168),100.08
86359,Zambia,PMO - US,From RDC,N/A - From RDC,Truck,31-Jan-11,24-Jan-11,ARV,Adult,SCMS from RDC,SKU0007,"Nevirapine 200mg, tablets, 60 Tabs",Generic,60,100000,266000,2.66,0.04,Hetero Unit III Hyderabad IN,6206,13411.32,573.5
86360,Guatemala,PMO - US,From RDC,N/A - From RDC,Air,31-Jan-11,24-Jan-11,ARV,Adult,SCMS from RDC,SKU0007,"Nevirapine 200mg, tablets, 60 Tabs",Generic,60,879,2267.82,2.58,0.04,"Aurobindo Unit III, India",See DN-2089 (ID#:83478),See DN-2089 (ID#:83478),3.74
86361,Nigeria,PMO - US,From RDC,N/A - From RDC,Air Charter,22-Feb-11,16-Feb-11,ARV,Adult,SCMS from RDC,SKU0026,"Efavirenz 600mg, tablets, 30 Tabs",Generic,30,51140,221947.6,4.34,0.14,"Aurobindo Unit III, India",See DN-2090 (ID#:82366),See DN-2090 (ID#:82366),478.52
86362,Nigeria,PMO - US,From RDC,N/A - From RDC,Air Charter,22-Feb-11,16-Feb-11,ARV,Adult,SCMS from RDC,SKU0044,"Lamivudine/Nevirapine/Stavudine 150/200/30mg, tablets, 60 Tabs",Generic,60,1000,5560,5.56,0.09,"Strides, Bangalore, India.",See DN-2090 (ID#:82366),See DN-2090 (ID#:82366),11.99
86363,Nigeria,PMO - US,From RDC,N/A - From RDC,Air Charter,17-Feb-11,16-Feb-11,ARV,Adult,SCMS from RDC,SKU0026,"Efavirenz 600mg, tablets, 30 Tabs",Generic,30,20418,88614.12,4.34,0.14,Mylan (formerly Matrix) Nashik,See DN-2101 (ID#:85735),See DN-2101 (ID#:85735),191.05
86364,Nigeria,PMO - US,From RDC,N/A - From RDC,Air Charter,21-Feb-11,16-Feb-11,ARV,Adult,SCMS from RDC,SKU0054,"Lamivudine/Nevirapine/Zidovudine 150/200/300mg, tablets, 60 Tabs",Generic,60,77333,867676.26,11.22,0.19,"Aurobindo Unit III, India",11276,43548,1431.67
86365,Uganda,PMO - US,From RDC,N/A - From RDC,Air,8-Feb-11,23-Dec-10,ARV,Adult,SCMS from RDC,SKU0026,"Efavirenz 600mg, tablets, 30 Tabs",Generic,30,2550,11526,4.52,0.15,"Emcure Plot No.P-2, I.T-B.T. Park, Phase II, MIDC, Hinjwadi, Pune, India",See DN-2077 (ID#:82369),See DN-2077 (ID#:82369),19.02
86366,Zambia,PMO - US,From RDC,N/A - From RDC,Air,28-Feb-11,16-Mar-11,ARV,Adult,SCMS from RDC,SKU0058,"Abacavir 300mg, tablets, 60 Tabs",Generic,60,16200,251100,15.5,0.26,Mylan (formerly Matrix) Nashik,1583,8098.12,541.37
86367,Côte d'Ivoire,PMO - US,From RDC,N/A - From RDC,Air,16-Feb-11,22-Feb-11,ARV,Pediatric,SCMS from RDC,SKU0126,"Nevirapine 10mg/ml, oral suspension w/syringe, Bottle, 240 ml",Generic,240,2084,4063.8,1.95,0.01,"Aurobindo Unit III, India",794,8758.36,8.76
86368,Côte d'Ivoire,PMO - US,From RDC,N/A - From RDC,Air,31-Mar-11,15-Mar-11,ARV,Pediatric,SCMS from RDC,SKU0126,"Nevirapine 10mg/ml, oral suspension w/syringe, Bottle, 240 ml",Generic,240,2006,3911.7,1.95,0.01,"Aurobindo Unit III, India",See DN-2122 (ID#:84622),See DN-2122 (ID#:84622),8.43
86369,Côte d'Ivoire,PMO - US,From RDC,N/A - From RDC,Air,31-Mar-11,15-Mar-11,ARV,Adult,SCMS from RDC,SKU0007,"Nevirapine 200mg, tablets, 60 Tabs",Generic,60,50000,125500,2.51,0.04,"Aurobindo Unit III, India",See DN-2122 (ID#:84622),See DN-2122 (ID#:84622),270.58
86371,Côte d'Ivoire,PMO - US,From RDC,N/A - From RDC,Air,31-Mar-11,29-Mar-11,ARV,Adult,SCMS from RDC,SKU0041,"Stavudine 15mg, capsules, 60 Caps",Generic,60,1059,1588.5,1.5,0.02,"Aurobindo Unit III, India",See DN-2140 (ID#:85180),See DN-2140 (ID#:85180),2.62
86372,Zambia,PMO - US,From RDC,N/A - From RDC,Truck,15-Apr-11,5-Apr-11,ARV,Adult,SCMS from RDC,SKU0058,"Abacavir 300mg, tablets, 60 Tabs",Generic,60,20000,317800,15.89,0.26,Mylan (formerly Matrix) Nashik,See DN-2143 (ID#:84632),See DN-2143 (ID#:84632),524.37
86373,Uganda,PMO - US,From RDC,N/A - From RDC,Air,5-Apr-11,1-Apr-11,ARV,Adult,SCMS from RDC,SKU0007,"Nevirapine 200mg, tablets, 60 Tabs",Generic,60,972,2507.76,2.58,0.04,"Strides, Bangalore, India.",58,5596.5,4.14
86391,Zambia,PMO - US,From RDC,N/A - From RDC,Truck,30-Apr-11,20-Jun-11,ARV,Adult,SCMS from RDC,SKU0007,"Nevirapine 200mg, tablets, 60 Tabs",Generic,60,31043,77917.93,2.51,0.04,Hetero Unit III Hyderabad IN,1785,7962.25,167.99
86374,Côte d'Ivoire,PMO - US,From RDC,N/A - From RDC,Air,20-Apr-11,10-Jun-11,ARV,Adult,SCMS from RDC,SKU0105,"Emtricitabine/Tenofovir Disoproxil Fumarate 200/300mg, tablets, 30 Tabs",Generic,30,14440,157684.8,10.92,0.36,Mylan (formerly Matrix) Nashik,See DN-2153 (ID#:82374),See DN-2153 (ID#:82374),260.18
86375,Tanzania,PMO - US,From RDC,N/A - From RDC,Air,7-Apr-11,31-Mar-11,ARV,Adult,SCMS from RDC,SKU0026,"Efavirenz 600mg, tablets, 30 Tabs",Generic,30,27769,117185.18,4.22,0.14,Hetero Unit III Hyderabad IN,See DN-2151 (ID#:84068),See DN-2151 (ID#:84068),193.36
86376,Nigeria,PMO - US,From RDC,N/A - From RDC,Air Charter,21-Jun-11,11-May-11,ARV,Adult,SCMS from RDC,SKU0132,"Efavirenz/Emtricitabine/Tenofovir Disoproxil Fumarate 600/200/300mg, tablets, 30 Tabs",Generic,30,30000,597600,19.92,0.66,Mylan (formerly Matrix) Nashik,3272,12601.07,986.04
86377,Nigeria,PMO - US,From RDC,N/A - From RDC,Air Charter,21-Jun-11,10-May-11,ARV,Adult,SCMS from RDC,SKU0003,"Lamivudine 150mg, tablets, 60 Tabs",Generic,60,21200,49396,2.33,0.04,"Aurobindo Unit III, India",1012,12601.07,81.5
86378,Zimbabwe,PMO - US,From RDC,N/A - From RDC,Truck,20-Apr-11,20-May-11,ARV,Pediatric,SCMS from RDC,SKU0131,"Lamivudine/Zidovudine 30/60mg, tablets, 60 Tabs",Generic,60,1884,6123,3.25,0.05,"Aurobindo Unit III, India",See DN-2180 (ID#:85755),See DN-2180 (ID#:85755),13.2
86379,Mozambique,PMO - US,From RDC,N/A - From RDC,Truck,31-May-11,25-May-11,ARV,Adult,SCMS from RDC,SKU0026,"Efavirenz 600mg, tablets, 30 Tabs",Generic,30,23450,101304,4.32,0.14,"Aurobindo Unit III, India",2068,3936.86,167.15
86380,Zambia,PMO - US,From RDC,N/A - From RDC,Truck,11-Apr-11,20-May-11,ARV,Adult,SCMS from RDC,SKU0007,"Nevirapine 200mg, tablets, 60 Tabs",Generic,60,10927,27426.77,2.51,0.04,Hetero Unit III Hyderabad IN,See DN-2154 (ID#:84084),See DN-2154 (ID#:84084),59.13
86381,Uganda,PMO - US,From RDC,N/A - From RDC,Truck,11-May-11,24-May-11,ARV,Adult,SCMS from RDC,SKU0007,"Nevirapine 200mg, tablets, 60 Tabs",Generic,60,10500,26355,2.51,0.04,"Strides, Bangalore, India.",See DN-2191 (ID#:82381),See DN-2191 (ID#:82381),43.49
86382,Uganda,PMO - US,From RDC,N/A - From RDC,Truck,11-May-11,24-May-11,ARV,Adult,SCMS from RDC,SKU0011,"Lamivudine/Zidovudine 150/300mg, tablets, 60 Tabs",Generic,60,14893,123016.18,8.26,0.14,"Aurobindo Unit III, India",See DN-2192 (ID#:85184),See DN-2192 (ID#:85184),202.98
86384,Zimbabwe,PMO - US,From RDC,N/A - From RDC,Truck,31-May-11,13-Jun-11,ARV,Pediatric,SCMS from RDC,SKU0140,"Lamivudine/Nevirapine/Zidovudine 30/50/60mg, dispersible tablets, 60 Tabs",Generic,60,20000,85000,4.25,0.07,Mylan (formerly Matrix) Nashik,See DN-2203 (ID#:82949),See DN-2203 (ID#:82949),183.26
86385,Nigeria,PMO - US,From RDC,N/A - From RDC,Air Charter,15-Jun-11,6-Jul-11,ARV,Adult,SCMS from RDC,SKU0054,"Lamivudine/Nevirapine/Zidovudine 150/200/300mg, tablets, 60 Tabs",Generic,60,87357,980145.54,11.22,0.19,Mylan (formerly Matrix) Nashik,See DN-2225 (ID#:84650),See DN-2225 (ID#:84650),1617.24
86386,Zambia,PMO - US,From RDC,N/A - From RDC,Air,11-May-11,13-Jun-11,ARV,Pediatric,SCMS from RDC,SKU0001,"Nevirapine 10mg/ml, oral suspension, Bottle, 240 ml",Generic,240,10000,18000,1.8,0.01,"Aurobindo Unit III, India",3637,9499.46,29.7
86387,Nigeria,PMO - US,From RDC,N/A - From RDC,Air Charter,21-Jun-11,5-Jul-11,ARV,Adult,SCMS from RDC,SKU0007,"Nevirapine 200mg, tablets, 60 Tabs",Generic,60,17376,43613.76,2.51,0.04,"Strides, Bangalore, India.",1237,13398.06,71.96
86388,Nigeria,PMO - US,From RDC,N/A - From RDC,Air Charter,15-Jun-11,6-Jul-11,ARV,Adult,SCMS from RDC,SKU0007,"Nevirapine 200mg, tablets, 60 Tabs",Generic,60,64995,163137.45,2.51,0.04,"Strides, Bangalore, India.",4618,13398.06,269.18
86389,Guyana,PMO - US,From RDC,N/A - From RDC,Air,27-Oct-11,15-Jun-11,ARV,Adult,SCMS from RDC,SKU0014,"Zidovudine 300mg, tablets, 60 Tabs",Generic,60,917,6437.34,7.02,0.12,"Aurobindo Unit III, India",See DN-2231 (ID#:82385),See DN-2231 (ID#:82385),10.62
86390,Benin,PMO - US,From RDC,N/A - From RDC,Air,13-Jun-11,9-Jun-11,ARV,Adult,SCMS from RDC,SKU0007,"Nevirapine 200mg, tablets, 60 Tabs",Generic,60,14081,35343.31,2.51,0.04,"Strides, Bangalore, India.",See DN-2237 (ID#:82954),See DN-2237 (ID#:82954),58.32
86392,Côte d'Ivoire,PMO - US,From RDC,N/A - From RDC,Air,30-Jun-11,26-Jun-11,ARV,Pediatric,SCMS from RDC,SKU0117,"Zidovudine 10mg/ml, oral solution w/syringe, Bottle, 240 ml",Generic,240,4965,10426.5,2.1,0.01,"Aurobindo Unit III, India",1784,2503.33,17.2
86393,Haiti,PMO - US,From RDC,N/A - From RDC,Air,19-Jul-11,28-Jun-11,ARV,Pediatric,SCMS from RDC,SKU0066,"Efavirenz 200mg, capsule, 90 Caps",Generic,90,630,6104.7,9.69,0.11,"Aurobindo Unit III, India",See DN-2263 (ID#:82959),See DN-2263 (ID#:82959),10.07
86394,Mozambique,PMO - US,From RDC,N/A - From RDC,Truck,31-Aug-11,1-Sep-11,ARV,Pediatric,SCMS from RDC,SKU0117,"Zidovudine 10mg/ml, oral solution w/syringe, Bottle, 240 ml",Generic,240,6250,12625,2.02,0.01,"Aurobindo Unit III, India",2409,3525.03,20.83
86395,Nigeria,PMO - US,From RDC,N/A - From RDC,Air Charter,22-Jul-11,6-Jul-11,ARV,Adult,SCMS from RDC,SKU0107,"Lamivudine/Tenofovir Disoproxil Fumarate 300/300mg, tablets, 30 Tabs",Generic,30,29349,258858.18,8.82,0.29,Mylan (formerly Matrix) Nashik,2808,13398.06,427.12
86396,Uganda,PMO - US,From RDC,N/A - From RDC,Truck,5-Aug-11,5-Aug-11,ARV,Adult,SCMS from RDC,SKU0007,"Nevirapine 200mg, tablets, 60 Tabs",Generic,60,11549,28987.99,2.51,0.04,"Strides, Bangalore, India.",See DN-2297 (ID#:82392),See DN-2297 (ID#:82392),47.83
86397,Mozambique,PMO - US,From RDC,N/A - From RDC,Truck,31-Aug-11,15-Sep-11,ARV,Adult,SCMS from RDC,SKU0011,"Lamivudine/Zidovudine 150/300mg, tablets, 60 Tabs",Generic,60,26308,224933.4,8.55,0.14,"Aurobindo Unit VII, IN",See DN-2302 (ID#:82967),See DN-2302 (ID#:82967),371.14
86398,Côte d'Ivoire,PMO - US,From RDC,N/A - From RDC,Air,27-Sep-11,12-Sep-11,ARV,Adult,SCMS from RDC,SKU0105,"Emtricitabine/Tenofovir Disoproxil Fumarate 200/300mg, tablets, 30 Tabs",Generic,30,17251,181825.54,10.54,0.35,"Aurobindo Unit III, India",See DN-2304 (ID#:82395),See DN-2304 (ID#:82395),300.01
86399,Nigeria,PMO - US,From RDC,N/A - From RDC,Air,31-Aug-11,3-Aug-11,ARV,Adult,SCMS from RDC,SKU0044,"Lamivudine/Nevirapine/Stavudine 150/200/30mg, tablets, 60 Tabs",Generic,60,2000,11120,5.56,0.09,"Cipla, Goa, India",209,2136.53,18.35
86400,Uganda,PMO - US,From RDC,N/A - From RDC,Truck,22-Sep-11,26-Aug-11,ARV,Adult,SCMS from RDC,SKU0014,"Zidovudine 300mg, tablets, 60 Tabs",Generic,60,1684,11821.68,7.02,0.12,Hetero Unit III Hyderabad IN,See DN-2313 (ID#:85780),See DN-2313 (ID#:85780),19.51
86401,Côte d'Ivoire,PMO - US,From RDC,N/A - From RDC,Air,27-Sep-11,10-Sep-11,ARV,Adult,SCMS from RDC,SKU0003,"Lamivudine 150mg, tablets, 60 Tabs",Generic,60,17820,41520.6,2.33,0.04,Hetero Unit III Hyderabad IN,955,12606.03,68.51
86402,Ghana,PMO - US,From RDC,N/A - From RDC,Air,14-Nov-11,14-Nov-11,ARV,Adult,SCMS from RDC,SKU0007,"Nevirapine 200mg, tablets, 60 Tabs",Generic,60,45084,113160.84,2.51,0.04,Hetero Unit III Hyderabad IN,See DN-2320 (ID#:83523),See DN-2320 (ID#:83523),186.72
86403,Zambia,PMO - US,From RDC,N/A - From RDC,Truck,29-Sep-11,29-Aug-11,ARV,Adult,SCMS from RDC,SKU0007,"Nevirapine 200mg, tablets, 60 Tabs",Generic,60,25000,62750,2.51,0.04,Mylan (formerly Matrix) Nashik,See DN-2322 (ID#:82973),See DN-2322 (ID#:82973),103.54
86404,Zimbabwe,PMO - US,From RDC,N/A - From RDC,Truck,30-Sep-11,19-Sep-11,ARV,Adult,SCMS from RDC,SKU0026,"Efavirenz 600mg, tablets, 30 Tabs",Generic,30,6392,26974.24,4.22,0.14,Hetero Unit III Hyderabad IN,See DN-2324 (ID#:83526),See DN-2324 (ID#:83526),44.51
86405,Uganda,PMO - US,From RDC,N/A - From RDC,Truck,5-Aug-11,24-Aug-11,ARV,Adult,SCMS from RDC,SKU0107,"Lamivudine/Tenofovir Disoproxil Fumarate 300/300mg, tablets, 30 Tabs",Generic,30,30000,246900,8.23,0.27,Mylan (formerly Matrix) Nashik,See DN-2329 (ID#:82976),See DN-2329 (ID#:82976),407.38
86406,Mozambique,PMO - US,From RDC,N/A - From RDC,Truck,30-Nov-11,30-Nov-11,ARV,Pediatric,SCMS from RDC,SKU0117,"Zidovudine 10mg/ml, oral solution w/syringe, Bottle, 240 ml",Generic,240,1822,3680.44,2.02,0.01,"Aurobindo Unit III, India",707,826.26,6.07
86408,Uganda,PMO - US,From RDC,N/A - From RDC,Truck,20-Sep-11,6-Sep-11,ARV,Adult,SCMS from RDC,SKU0132,"Efavirenz/Emtricitabine/Tenofovir Disoproxil Fumarate 600/200/300mg, tablets, 30 Tabs",Generic,30,3360,66931.2,19.92,0.66,Mylan (formerly Matrix) Nashik,617,2886.92,110.44
86409,Côte d'Ivoire,PMO - US,From RDC,N/A - From RDC,Air,12-Oct-11,12-Oct-11,ARV,Adult,SCMS from RDC,SKU0011,"Lamivudine/Zidovudine 150/300mg, tablets, 60 Tabs",Generic,60,75420,622969.2,8.26,0.14,Mylan (formerly Matrix) Nashik,See DN-2339 (ID#:82401),See DN-2339 (ID#:82401),1027.9
86410,Zimbabwe,PMO - US,From RDC,N/A - From RDC,Truck,30-Sep-11,7-Oct-11,ARV,Adult,SCMS from RDC,SKU0107,"Lamivudine/Tenofovir Disoproxil Fumarate 300/300mg, tablets, 30 Tabs",Generic,30,10114,83238.22,8.23,0.27,Mylan (formerly Matrix) Nashik,See DN-2343 (ID#:82977),See DN-2343 (ID#:82977),137.34
86411,Uganda,PMO - US,From RDC,N/A - From RDC,Truck,30-Sep-11,26-Sep-11,ARV,Adult,SCMS from RDC,SKU0026,"Efavirenz 600mg, tablets, 30 Tabs",Generic,30,2688,11343.36,4.22,0.14,"Strides, Bangalore, India.",See DN-2344 (ID#:85789),See DN-2344 (ID#:85789),18.72
86412,Guyana,PMO - US,From RDC,N/A - From RDC,Air,15-Dec-11,28-Sep-11,ARV,Pediatric,SCMS from RDC,SKU0049,"Efavirenz 50mg, capsule, 30 Caps",Generic,30,61,136.64,2.24,0.07,"Aurobindo Unit III, India",See DN-2361 (ID#:84673),See DN-2361 (ID#:84673),0.23
86413,Guyana,PMO - US,From RDC,N/A - From RDC,Air,15-Dec-11,28-Sep-11,ARV,Pediatric,SCMS from RDC,SKU0065,"Zidovudine 100mg, capsules, 100 Caps",Generic,100,423,2013.48,4.76,0.05,"Aurobindo Unit III, India",See DN-2361 (ID#:84673),See DN-2361 (ID#:84673),3.32
86414,Nigeria,PMO - US,From RDC,N/A - From RDC,Air Charter,15-Jun-11,28-Sep-11,ARV,Adult,SCMS from RDC,SKU0132,"Efavirenz/Emtricitabine/Tenofovir Disoproxil Fumarate 600/200/300mg, tablets, 30 Tabs",Generic,30,2389,47588.88,19.92,0.66,Mylan (formerly Matrix) Nashik,277,18495.9,78.52
86415,Nigeria,PMO - US,From RDC,N/A - From RDC,Air Charter,3-Nov-11,28-Sep-11,ARV,Adult,SCMS from RDC,SKU0132,"Efavirenz/Emtricitabine/Tenofovir Disoproxil Fumarate 600/200/300mg, tablets, 30 Tabs",Generic,30,90932,1811365.44,19.92,0.66,Mylan (formerly Matrix) Nashik,10428,18495.9,2988.75
86417,Zambia,PMO - US,From RDC,N/A - From RDC,Truck,19-Jan-12,4-Nov-11,ARV,Adult,SCMS from RDC,SKU0105,"Emtricitabine/Tenofovir Disoproxil Fumarate 200/300mg, tablets, 30 Tabs",Generic,30,10015,89834.55,8.97,0.3,Mylan (formerly Matrix) Nashik,819,2882.6,148.23
86418,Ghana,PMO - US,From RDC,N/A - From RDC,Air,31-Oct-11,28-Feb-12,ARV,Adult,SCMS from RDC,SKU0029,"Tenofovir Disoproxil Fumarate 300mg, tablets, 30 Tabs",Generic,30,38760,248839.2,6.42,0.21,Mylan (formerly Matrix) Nashik,2169,985,410.58
86419,Tanzania,PMO - US,From RDC,N/A - From RDC,Truck,29-Dec-11,15-Nov-11,ARV,Pediatric,SCMS from RDC,SKU0126,"Nevirapine 10mg/ml, oral suspension w/syringe, Bottle, 240 ml",Generic,240,2374,4629.3,1.95,0.01,"Aurobindo Unit III, India",888,4417.96,7.64
86420,Mozambique,PMO - US,From RDC,N/A - From RDC,Truck,15-Dec-11,14-Dec-11,ARV,Pediatric,SCMS from RDC,SKU0126,"Nevirapine 10mg/ml, oral suspension w/syringe, Bottle, 240 ml",Generic,240,10070,19636.5,1.95,0.01,"Aurobindo Unit III, India",3787,2451.86,32.4
86421,Zambia,PMO - US,From RDC,N/A - From RDC,Truck,27-Dec-11,28-Nov-11,ARV,Adult,SCMS from RDC,SKU0011,"Lamivudine/Zidovudine 150/300mg, tablets, 60 Tabs",Generic,60,85000,702100,8.26,0.14,"Aurobindo Unit VII, IN",8296,9978.08,1158.46
86422,Zambia,PMO - US,From RDC,N/A - From RDC,Truck,19-Jan-12,28-Nov-11,ARV,Adult,SCMS from RDC,SKU0105,"Emtricitabine/Tenofovir Disoproxil Fumarate 200/300mg, tablets, 30 Tabs",Generic,30,50000,448500,8.97,0.3,Mylan (formerly Matrix) Nashik,4155,6968.97,740.02
86423,Uganda,PMO - US,From RDC,N/A - From RDC,Truck,9-Jan-12,1-Dec-11,ARV,Adult,SCMS from RDC,SKU0054,"Lamivudine/Nevirapine/Zidovudine 150/200/300mg, tablets, 60 Tabs",Generic,60,35000,385000,11,0.18,Mylan (formerly Matrix) Nashik,See DN-2435 (ID#:84121),See DN-2435 (ID#:84121),635.25
86424,Uganda,PMO - US,From RDC,N/A - From RDC,Truck,9-Jan-12,1-Dec-11,ARV,Adult,SCMS from RDC,SKU0007,"Nevirapine 200mg, tablets, 60 Tabs",Generic,60,4466,11522.28,2.58,0.04,"Strides, Bangalore, India.",See DN-2435 (ID#:84121),See DN-2435 (ID#:84121),19.01
86425,Rwanda,PMO - US,From RDC,N/A - From RDC,Air,5-Dec-11,20-Nov-11,ARV,Pediatric,SCMS from RDC,SKU0145,"Abacavir 20mg/ml, oral solution w/syringe, Bottle, 240 ml",Generic,240,580,7250,12.5,0.05,"Aurobindo Unit III, India",214,2057.2,10.16
86426,Côte d'Ivoire,PMO - US,From RDC,N/A - From RDC,Truck,2-Mar-12,5-Dec-11,ARV,Adult,SCMS from RDC,SKU0026,"Efavirenz 600mg, tablets, 30 Tabs",Generic,30,20076,84720.72,4.22,0.14,"Strides, Bangalore, India.",1223,3526.27,139.79
86427,Côte d'Ivoire,PMO - US,From RDC,N/A - From RDC,Air,30-Dec-11,5-Dec-11,ARV,Adult,SCMS from RDC,SKU0026,"Efavirenz 600mg, tablets, 30 Tabs",Generic,30,7132,30097.04,4.22,0.14,"Strides, Bangalore, India.",434,3526.27,49.66
86428,Nigeria,PMO - US,From RDC,N/A - From RDC,Air Charter,20-Dec-11,18-Dec-11,ARV,Adult,SCMS from RDC,SKU0029,"Tenofovir Disoproxil Fumarate 300mg, tablets, 30 Tabs",Generic,30,361,2317.62,6.42,0.21,Mylan (formerly Matrix) Nashik,40,15322.73,3.82
86429,Nigeria,PMO - US,From RDC,N/A - From RDC,Air Charter,2-Mar-12,18-Dec-11,ARV,Adult,SCMS from RDC,SKU0007,"Nevirapine 200mg, tablets, 60 Tabs",Generic,60,85722,221162.76,2.58,0.04,"Strides, Bangalore, India.",See DN-2462 (ID#:82425),See DN-2462 (ID#:82425),364.92
86430,Nigeria,PMO - US,From RDC,N/A - From RDC,Air Charter,16-Mar-12,18-Dec-11,ARV,Adult,SCMS from RDC,SKU0054,"Lamivudine/Nevirapine/Zidovudine 150/200/300mg, tablets, 60 Tabs",Generic,60,99974,1121708.28,11.22,0.19,"Cipla, Goa, India",See DN-2465 (ID#:82426),See DN-2465 (ID#:82426),1850.82
86431,Haiti,PMO - US,From RDC,N/A - From RDC,Air,31-Jan-12,17-Jan-12,ARV,Adult,SCMS from RDC,SKU0026,"Efavirenz 600mg, tablets, 30 Tabs",Generic,30,33600,141792,4.22,0.14,"Strides, Bangalore, India.",2047,20746.03,233.96
86432,Guyana,PMO - US,From RDC,N/A - From RDC,Air,27-Jan-12,18-Jan-12,ARV,Pediatric,SCMS from RDC,SKU0117,"Zidovudine 10mg/ml, oral solution w/syringe, Bottle, 240 ml",Generic,240,369,774.9,2.1,0.01,"Aurobindo Unit III, India",103,2270.54,1.09
86433,Uganda,PMO - US,From RDC,N/A - From RDC,Truck,16-Feb-12,3-Feb-12,ARV,Adult,SCMS from RDC,SKU0011,"Lamivudine/Zidovudine 150/300mg, tablets, 60 Tabs",Generic,60,18528,153041.28,8.26,0.14,"Aurobindo Unit III, India",1713,15672.8,252.52
86435,"Congo, DRC",PMO - US,From RDC,N/A - From RDC,Air,16-Mar-12,14-Feb-12,ARV,Adult,SCMS from RDC,SKU0011,"Lamivudine/Zidovudine 150/300mg, tablets, 60 Tabs",Generic,60,20,165.2,8.26,0.14,"Aurobindo Unit III, India",See DN-2492 (ID#:82999),See DN-2492 (ID#:82999),0.23
86436,"Congo, DRC",PMO - US,From RDC,N/A - From RDC,Air,16-Mar-12,14-Feb-12,ARV,Adult,SCMS from RDC,SKU0054,"Lamivudine/Nevirapine/Zidovudine 150/200/300mg, tablets, 60 Tabs",Generic,60,89,979,11,0.18,Mylan (formerly Matrix) Nashik,See DN-2492 (ID#:82999),See DN-2492 (ID#:82999),1.37
86437,"Congo, DRC",PMO - US,From RDC,N/A - From RDC,Air,16-Mar-12,14-Feb-12,ARV,Adult,SCMS from RDC,SKU0135,"Lopinavir/Ritonavir 200/50mg, tablets, 120 Tabs",Generic,120,11,371.14,33.74,0.28,"Aurobindo Unit III, India",See DN-2492 (ID#:82999),See DN-2492 (ID#:82999),0.52
86438,"Congo, DRC",PMO - US,From RDC,N/A - From RDC,Air,16-Mar-12,14-Feb-12,ARV,Adult,SCMS from RDC,SKU0026,"Efavirenz 600mg, tablets, 30 Tabs",Generic,30,42,173.04,4.12,0.14,"Strides, Bangalore, India.",See DN-2493 (ID#:82432),See DN-2493 (ID#:82432),0.24
86439,"Congo, DRC",PMO - US,From RDC,N/A - From RDC,Air,16-Mar-12,14-Feb-12,ARV,Adult,SCMS from RDC,SKU0135,"Lopinavir/Ritonavir 200/50mg, tablets, 120 Tabs",Generic,120,23,776.02,33.74,0.28,"Aurobindo Unit III, India",See DN-2495 (ID#:83555),See DN-2495 (ID#:83555),1.09
86440,"Congo, DRC",PMO - US,From RDC,N/A - From RDC,Air,16-Mar-12,14-Feb-12,ARV,Adult,SCMS from RDC,SKU0007,"Nevirapine 200mg, tablets, 60 Tabs",Generic,60,18,46.44,2.58,0.04,"Strides, Bangalore, India.",See DN-2495 (ID#:83555),See DN-2495 (ID#:83555),0.07
86441,"Congo, DRC",PMO - US,From RDC,N/A - From RDC,Air,16-Mar-12,14-Feb-12,ARV,Adult,SCMS from RDC,SKU0007,"Nevirapine 200mg, tablets, 60 Tabs",Generic,60,21,54.18,2.58,0.04,"Strides, Bangalore, India.",See DN-2497 (ID#:82435),See DN-2497 (ID#:82435),0.08
86442,"Congo, DRC",PMO - US,From RDC,N/A - From RDC,Air,16-Mar-12,14-Feb-12,ARV,Adult,SCMS from RDC,SKU0026,"Efavirenz 600mg, tablets, 30 Tabs",Generic,30,560,2307.2,4.12,0.14,"Strides, Bangalore, India.",See DN-2499 (ID#:83004),See DN-2499 (ID#:83004),3.23
86443,"Congo, DRC",PMO - US,From RDC,N/A - From RDC,Air,10-Feb-12,14-Feb-12,ARV,Adult,SCMS from RDC,SKU0058,"Abacavir 300mg, tablets, 60 Tabs",Generic,60,147,2150.61,14.63,0.24,Mylan (formerly Matrix) Nashik,See DN-2500 (ID#:82436),See DN-2500 (ID#:82436),3.02
86444,Guyana,PMO - US,From RDC,N/A - From RDC,Air,30-Mar-12,4-Feb-12,ARV,Adult,SCMS from RDC,SKU0041,"Stavudine 15mg, capsules, 60 Caps",Generic,60,12,15.84,1.32,0.02,"Aurobindo Unit III, India",See DN-2503 (ID#:83007),See DN-2503 (ID#:83007),0.02
86445,"Congo, DRC",PMO - US,From RDC,N/A - From RDC,Air,16-Mar-12,3-Apr-12,ARV,Adult,SCMS from RDC,SKU0014,"Zidovudine 300mg, tablets, 60 Tabs",Generic,60,166,1165.32,7.02,0.12,Hetero Unit III Hyderabad IN,See DN-2504 (ID#:83559),See DN-2504 (ID#:83559),1.63
86446,"Congo, DRC",PMO - US,From RDC,N/A - From RDC,Air,16-Mar-12,14-Mar-12,ARV,Adult,SCMS from RDC,SKU0014,"Zidovudine 300mg, tablets, 60 Tabs",Generic,60,720,5054.4,7.02,0.12,Hetero Unit III Hyderabad IN,See DN-2505 (ID#:83561),See DN-2505 (ID#:83561),7.09
86447,"Congo, DRC",PMO - US,From RDC,N/A - From RDC,Air,16-Mar-12,14-Mar-12,ARV,Pediatric,SCMS from RDC,SKU0126,"Nevirapine 10mg/ml, oral suspension w/syringe, Bottle, 240 ml",Generic,240,291,567.45,1.95,0.01,"Aurobindo Unit III, India",See DN-2508 (ID#:85821),See DN-2508 (ID#:85821),0.8
86448,"Congo, DRC",PMO - US,From RDC,N/A - From RDC,Air,16-Mar-12,14-Mar-12,ARV,Adult,SCMS from RDC,SKU0107,"Lamivudine/Tenofovir Disoproxil Fumarate 300/300mg, tablets, 30 Tabs",Generic,30,36,218.88,6.08,0.2,Mylan (formerly Matrix) Nashik,See DN-2508 (ID#:85821),See DN-2508 (ID#:85821),0.31
86449,Zambia,PMO - US,From RDC,N/A - From RDC,Truck,28-Feb-12,17-Feb-12,ARV,Adult,SCMS from RDC,SKU0014,"Zidovudine 300mg, tablets, 60 Tabs",Generic,60,20513,144001.26,7.02,0.12,Hetero Unit III Hyderabad IN,See DN-2513 (ID#:82444),See DN-2513 (ID#:82444),237.6
86450,Zambia,PMO - US,From RDC,N/A - From RDC,Truck,29-Feb-12,17-Feb-12,ARV,Pediatric,SCMS from RDC,SKU0126,"Nevirapine 10mg/ml, oral suspension w/syringe, Bottle, 240 ml",Generic,240,40126,78245.7,1.95,0.01,"Aurobindo Unit III, India",12360,11292.05,129.11
86451,Haiti,PMO - US,From RDC,N/A - From RDC,Air,30-Mar-12,13-Feb-12,ARV,Adult,SCMS from RDC,SKU0104,"Lamivudine/Stavudine 150/30mg, tablets, 60 Tabs",Generic,60,432,1274.4,2.95,0.05,"Strides, Bangalore, India.",See DN-2521 (ID#:84704),See DN-2521 (ID#:84704),1.79
86452,Haiti,PMO - US,From RDC,N/A - From RDC,Air,15-Mar-12,12-Mar-12,ARV,Adult,SCMS from RDC,SKU0059,"Stavudine 20mg, capsules, 60 Caps",Generic,60,270,372.6,1.38,0.02,"Aurobindo Unit III, India",16,1109,0.61
86453,Tanzania,PMO - US,From RDC,N/A - From RDC,Truck,30-Mar-12,14-Feb-12,ARV,Adult,SCMS from RDC,SKU0011,"Lamivudine/Zidovudine 150/300mg, tablets, 60 Tabs",Generic,60,233630,1929783.8,8.26,0.14,"Aurobindo Unit III, India",21394,13590.64,3184.14
86454,Uganda,PMO - US,From RDC,N/A - From RDC,Truck,19-Mar-12,15-Feb-12,ARV,Adult,SCMS from RDC,SKU0007,"Nevirapine 200mg, tablets, 60 Tabs",Generic,60,19705,50838.9,2.58,0.04,"Strides, Bangalore, India.",1095,4405.24,83.88
86455,Nigeria,PMO - US,From RDC,N/A - From RDC,Air Charter,20-Jun-12,16-Feb-12,ARV,Adult,SCMS from RDC,SKU0107,"Lamivudine/Tenofovir Disoproxil Fumarate 300/300mg, tablets, 30 Tabs",Generic,30,27574,167649.92,6.08,0.2,Mylan (formerly Matrix) Nashik,2376,25231.96,235.05
86456,Nigeria,PMO - US,From RDC,N/A - From RDC,Air Charter,20-Jun-12,16-Feb-12,ARV,Adult,SCMS from RDC,SKU0007,"Nevirapine 200mg, tablets, 60 Tabs",Generic,60,98645,254504.1,2.58,0.04,"Aurobindo Unit III, India",See DN-2568 (ID#:82455),See DN-2568 (ID#:82455),356.81
86457,Tanzania,PMO - US,From RDC,N/A - From RDC,Air,30-Mar-12,7-Mar-12,HRDT,HIV test,SCMS from RDC,SKU0009,"HIV 1/2, Uni-Gold HIV Kit, 20 Tests",Uni-Gold,20,5000,160000,32,1.6,"Trinity Biotech, Plc",1578,8925,224.32
86458,Mozambique,PMO - US,From RDC,N/A - From RDC,Truck,7-May-12,24-May-12,ARV,Adult,SCMS from RDC,SKU0044,"Lamivudine/Nevirapine/Stavudine 150/200/30mg, tablets, 60 Tabs",Generic,60,25394,136619.72,5.38,0.09,"Strides, Bangalore, India.",See DN-2590 (ID#:83019),See DN-2590 (ID#:83019),225.42
86459,Burundi,PMO - US,From RDC,N/A - From RDC,Air,26-Apr-12,4-May-12,ARV,Adult,SCMS from RDC,SKU0011,"Lamivudine/Zidovudine 150/300mg, tablets, 60 Tabs",Generic,60,25240,201920,8,0.13,Hetero Unit III Hyderabad IN,See DN-2594 (ID#:83021),See DN-2594 (ID#:83021),283.09
86477,Rwanda,PMO - US,From RDC,N/A - From RDC,Air,24-Aug-12,4-Jun-12,ARV,Adult,SCMS from RDC,SKU0058,"Abacavir 300mg, tablets, 60 Tabs",Generic,60,5232,68800.8,13.15,0.22,Mylan (formerly Matrix) Nashik,526,9994.57,96.46
86460,Burundi,PMO - US,From RDC,N/A - From RDC,Air,26-Apr-12,4-May-12,ARV,Adult,SCMS from RDC,SKU0058,"Abacavir 300mg, tablets, 60 Tabs",Generic,60,350,5120.5,14.63,0.24,Mylan (formerly Matrix) Nashik,See DN-2594 (ID#:83021),See DN-2594 (ID#:83021),7.18
86461,Uganda,PMO - US,From RDC,N/A - From RDC,Truck,24-Apr-12,3-Apr-12,ARV,Adult,SCMS from RDC,SKU0026,"Efavirenz 600mg, tablets, 30 Tabs",Generic,30,1150,4738,4.12,0.14,"Strides, Bangalore, India.",70,1494.6,6.64
86463,Uganda,PMO - US,From RDC,N/A - From RDC,Air,3-May-12,27-Mar-12,ARV,Adult,SCMS from RDC,SKU0003,"Lamivudine 150mg, tablets, 60 Tabs",Generic,60,1614,3760.62,2.33,0.04,Macleods Daman Plant INDIA,See DN-2603 (ID#:83023),See DN-2603 (ID#:83023),5.27
86464,Zimbabwe,PMO - US,From RDC,N/A - From RDC,Truck,13-Apr-12,10-Apr-12,ARV,Adult,SCMS from RDC,SKU0026,"Efavirenz 600mg, tablets, 30 Tabs",Generic,30,17422,71778.64,4.12,0.14,"Strides, Bangalore, India.",See DN-2605 (ID#:82467),See DN-2605 (ID#:82467),118.43
86465,Zimbabwe,PMO - US,From RDC,N/A - From RDC,Truck,13-Apr-12,10-Apr-12,ARV,Adult,SCMS from RDC,SKU0054,"Lamivudine/Nevirapine/Zidovudine 150/200/300mg, tablets, 60 Tabs",Generic,60,11574,127314,11,0.18,"Aurobindo Unit III, India",See DN-2605 (ID#:82467),See DN-2605 (ID#:82467),210.07
86466,Zimbabwe,PMO - US,From RDC,N/A - From RDC,Truck,13-Apr-12,10-Apr-12,ARV,Adult,SCMS from RDC,SKU0044,"Lamivudine/Nevirapine/Stavudine 150/200/30mg, tablets, 60 Tabs",Generic,60,71030,382141.4,5.38,0.09,"Strides, Bangalore, India.",See DN-2605 (ID#:82467),See DN-2605 (ID#:82467),630.53
86467,Zambia,PMO - US,From RDC,N/A - From RDC,Truck,15-May-12,16-Apr-12,ARV,Adult,SCMS from RDC,SKU0105,"Emtricitabine/Tenofovir Disoproxil Fumarate 200/300mg, tablets, 30 Tabs",Generic,30,79075,709302.75,8.97,0.3,Mylan (formerly Matrix) Nashik,See DN-2608 (ID#:83579),See DN-2608 (ID#:83579),1170.35
86468,Mozambique,PMO - US,From RDC,N/A - From RDC,Truck,7-May-12,10-May-12,ARV,Adult,SCMS from RDC,SKU0054,"Lamivudine/Nevirapine/Zidovudine 150/200/300mg, tablets, 60 Tabs",Generic,60,2551,28622.22,11.22,0.19,"Aurobindo Unit III, India",See DN-2616 (ID#:83024),See DN-2616 (ID#:83024),47.23
86469,Rwanda,PMO - US,From RDC,N/A - From RDC,Air,26-Apr-12,8-Apr-12,ARV,Adult,SCMS from RDC,SKU0026,"Efavirenz 600mg, tablets, 30 Tabs",Generic,30,26962,111083.44,4.12,0.14,"Strides, Bangalore, India.",1638,18446.92,155.74
86470,Libya,PMO - US,From RDC,N/A - From RDC,Air,23-May-12,8-May-12,ARV,Adult,SCMS from RDC,SKU0026,"Efavirenz 600mg, tablets, 30 Tabs",Generic,30,6667,26067.97,3.91,0.13,"Strides, Bangalore, India.",406,3062.18,36.55
86471,Nigeria,PMO - US,From RDC,N/A - From RDC,Air Charter,20-Jun-12,30-Apr-12,ARV,Adult,SCMS from RDC,SKU0107,"Lamivudine/Tenofovir Disoproxil Fumarate 300/300mg, tablets, 30 Tabs",Generic,30,94153,521607.62,5.54,0.18,"Aurobindo Unit VII, IN",10684,27441.22,731.29
86472,Zimbabwe,PMO - US,From RDC,N/A - From RDC,Truck,12-Jun-12,25-May-12,ARV,Adult,SCMS from RDC,SKU0044,"Lamivudine/Nevirapine/Stavudine 150/200/30mg, tablets, 60 Tabs",Generic,60,71030,333841,4.7,0.08,"Strides, Bangalore, India.",See DN-2656 (ID#:83032),See DN-2656 (ID#:83032),550.84
86473,Zimbabwe,PMO - US,From RDC,N/A - From RDC,Truck,12-Jun-12,25-May-12,ARV,Adult,SCMS from RDC,SKU0054,"Lamivudine/Nevirapine/Zidovudine 150/200/300mg, tablets, 60 Tabs",Generic,60,11574,119096.46,10.29,0.17,Mylan (formerly Matrix) Nashik,See DN-2656 (ID#:83032),See DN-2656 (ID#:83032),196.51
86474,Zambia,PMO - US,From RDC,N/A - From RDC,Truck,26-Jul-12,18-Jun-12,ARV,Adult,SCMS from RDC,SKU0026,"Efavirenz 600mg, tablets, 30 Tabs",Generic,30,28452,111247.32,3.91,0.13,"Strides, Bangalore, India.",See DN-2661 (ID#:83037),See DN-2661 (ID#:83037),155.97
86475,Côte d'Ivoire,PMO - US,From RDC,N/A - From RDC,Air,30-May-12,30-May-12,ARV,Adult,SCMS from RDC,SKU0058,"Abacavir 300mg, tablets, 60 Tabs",Generic,60,620,8153,13.15,0.22,Mylan (formerly Matrix) Nashik,See DN-2652 (ID#:82477),See DN-2652 (ID#:82477),11.43
86476,Zambia,PMO - US,From RDC,N/A - From RDC,Truck,23-Aug-12,18-Jun-12,ARV,Adult,SCMS from RDC,SKU0105,"Emtricitabine/Tenofovir Disoproxil Fumarate 200/300mg, tablets, 30 Tabs",Generic,30,9400,75576,8.04,0.27,Mylan (formerly Matrix) Nashik,796,4496.13,105.96
86478,Uganda,PMO - US,From RDC,N/A - From RDC,Truck,17-Aug-12,8-Jun-12,ARV,Adult,SCMS from RDC,SKU0011,"Lamivudine/Zidovudine 150/300mg, tablets, 60 Tabs",Generic,60,18518,144070.04,7.78,0.13,Mylan (formerly Matrix) Nashik,See DN-2677 (ID#:83039),See DN-2677 (ID#:83039),201.99
86479,Zimbabwe,PMO - US,From RDC,N/A - From RDC,Truck,14-Aug-12,27-Jun-12,ARV,Adult,SCMS from RDC,SKU0044,"Lamivudine/Nevirapine/Stavudine 150/200/30mg, tablets, 60 Tabs",Generic,60,66980,314806,4.7,0.08,"Strides, Bangalore, India.",1838,5530.11,519.43
86480,Nigeria,PMO - US,From RDC,N/A - From RDC,Air Charter,2-Aug-12,9-Jul-12,ARV,Adult,SCMS from RDC,SKU0135,"Lopinavir/Ritonavir 200/50mg, tablets, 120 Tabs",Generic,120,24470,726269.6,29.68,0.25,"Aurobindo Unit III, India",6808,21347.12,1018.23
86481,Côte d'Ivoire,PMO - US,From RDC,N/A - From RDC,Air,21-Jun-12,15-Jun-12,ARV,Adult,SCMS from RDC,SKU0054,"Lamivudine/Nevirapine/Zidovudine 150/200/300mg, tablets, 60 Tabs",Generic,60,100000,1029000,10.29,0.17,Mylan (formerly Matrix) Nashik,13055,23994.1,1442.66
86482,Zimbabwe,PMO - US,From RDC,N/A - From RDC,Truck,14-Aug-12,27-Jun-12,ARV,Adult,SCMS from RDC,SKU0007,"Nevirapine 200mg, tablets, 60 Tabs",Generic,60,20000,48800,2.44,0.04,"Aurobindo Unit III, India",See DN-2693 (ID#:82481),See DN-2693 (ID#:82481),80.52
86483,Zimbabwe,PMO - US,From RDC,N/A - From RDC,Truck,14-Aug-12,27-Jun-12,ARV,Adult,SCMS from RDC,SKU0007,"Nevirapine 200mg, tablets, 60 Tabs",Generic,60,49037,119650.28,2.44,0.04,Hetero Unit III Hyderabad IN,See DN-2693 (ID#:82481),See DN-2693 (ID#:82481),197.42
86484,Mozambique,PMO - US,From RDC,N/A - From RDC,Truck,21-Aug-12,22-Aug-12,ARV,Pediatric,SCMS from RDC,SKU0126,"Nevirapine 10mg/ml, oral suspension w/syringe, Bottle, 240 ml",Generic,240,24496,47767.2,1.95,0.01,"Aurobindo Unit III, India",9080,6483.81,66.97
86485,Zimbabwe,PMO - US,From RDC,N/A - From RDC,Truck,16-Oct-12,27-Jun-12,ARV,Adult,SCMS from RDC,SKU0044,"Lamivudine/Nevirapine/Stavudine 150/200/30mg, tablets, 60 Tabs",Generic,60,71030,333841,4.7,0.08,"Strides, Bangalore, India.",See DN-2694 (ID#:82483),See DN-2694 (ID#:82483),550.84
86486,Nigeria,PMO - US,From RDC,N/A - From RDC,Air Charter,2-Aug-12,3-Jun-12,ARV,Adult,SCMS from RDC,SKU0054,"Lamivudine/Nevirapine/Zidovudine 150/200/300mg, tablets, 60 Tabs",Generic,60,40000,440000,11,0.18,"Aurobindo Unit III, India",See DN-2709 (ID#:83049),See DN-2709 (ID#:83049),616.88
86487,Nigeria,PMO - US,From RDC,N/A - From RDC,Air Charter,2-Aug-12,3-Jun-12,ARV,Adult,SCMS from RDC,SKU0107,"Lamivudine/Tenofovir Disoproxil Fumarate 300/300mg, tablets, 30 Tabs",Generic,30,75000,415500,5.54,0.18,"Aurobindo Unit VII, IN",See DN-2710 (ID#:85273),See DN-2710 (ID#:85273),582.53
86488,Tanzania,PMO - US,From RDC,N/A - From RDC,Truck,7-Aug-12,25-Jul-12,ARV,Pediatric,SCMS from RDC,SKU0126,"Nevirapine 10mg/ml, oral suspension w/syringe, Bottle, 240 ml",Generic,240,26439,51556.05,1.95,0.01,"Aurobindo Unit III, India",9907,3853.89,85.07
86489,Mozambique,PMO - US,From RDC,N/A - From RDC,Truck,4-Sep-12,22-Aug-12,ARV,Pediatric,SCMS from RDC,SKU0126,"Nevirapine 10mg/ml, oral suspension w/syringe, Bottle, 240 ml",Generic,240,54128,105549.6,1.95,0.01,"Aurobindo Unit III, India",See DN-2738 (ID#:85875),See DN-2738 (ID#:85875),147.98
86490,Zambia,PMO - US,From RDC,N/A - From RDC,Truck,23-Aug-12,30-Jul-12,ARV,Adult,SCMS from RDC,SKU0105,"Emtricitabine/Tenofovir Disoproxil Fumarate 200/300mg, tablets, 30 Tabs",Generic,30,125000,888750,7.11,0.24,"Aurobindo Unit III, India",See DN-2749 (ID#:84182),See DN-2749 (ID#:84182),1246.03
86491,Zambia,PMO - US,From RDC,N/A - From RDC,Truck,23-Aug-12,30-Jul-12,ARV,Adult,SCMS from RDC,SKU0105,"Emtricitabine/Tenofovir Disoproxil Fumarate 200/300mg, tablets, 30 Tabs",Generic,30,425,3021.75,7.11,0.24,Mylan (formerly Matrix) Nashik,See DN-2749 (ID#:84182),See DN-2749 (ID#:84182),4.24
86492,Zambia,PMO - US,From RDC,N/A - From RDC,Truck,26-Jul-12,30-Jul-12,ARV,Adult,SCMS from RDC,SKU0026,"Efavirenz 600mg, tablets, 30 Tabs",Generic,30,70156,267294.36,3.81,0.13,"Aurobindo Unit III, India",6022,18219.83,374.75
86493,Côte d'Ivoire,PMO - US,From RDC,N/A - From RDC,Air,31-Jul-12,31-Jul-12,ARV,Adult,SCMS from RDC,SKU0054,"Lamivudine/Nevirapine/Zidovudine 150/200/300mg, tablets, 60 Tabs",Generic,60,50000,490500,9.81,0.16,"Strides, Bangalore, India.",5625,11702.27,687.68
86494,Tanzania,PMO - US,From RDC,N/A - From RDC,Truck,31-Aug-12,22-Aug-12,ARV,Adult,SCMS from RDC,SKU0132,"Efavirenz/Emtricitabine/Tenofovir Disoproxil Fumarate 600/200/300mg, tablets, 30 Tabs",Generic,30,153642,2310775.68,15.04,0.5,Mylan (formerly Matrix) Nashik,See DN-2761 (ID#:83606),See DN-2761 (ID#:83606),3239.71
86496,Nigeria,PMO - US,From RDC,N/A - From RDC,Air Charter,30-Jul-12,24-Jul-12,ARV,Adult,SCMS from RDC,SKU0113,"Efavirenz/Lamivudine/Tenofovir Disoproxil Fumarate 600/300/300mg, tablets, 30 Tabs",Generic,30,7000,92890,13.27,0.44,Mylan (formerly Matrix) Nashik,858,16532.5,130.23
86497,Nigeria,PMO - US,From RDC,N/A - From RDC,Air Charter,2-Aug-12,24-Jul-12,ARV,Adult,SCMS from RDC,SKU0054,"Lamivudine/Nevirapine/Zidovudine 150/200/300mg, tablets, 60 Tabs",Generic,60,120036,1177553.16,9.81,0.16,Mylan (formerly Matrix) Nashik,See DN-2767 (ID#:83060),See DN-2767 (ID#:83060),1650.93
86498,Nigeria,PMO - US,From RDC,N/A - From RDC,Air Charter,30-Jul-12,24-Jul-12,ARV,Adult,SCMS from RDC,SKU0132,"Efavirenz/Emtricitabine/Tenofovir Disoproxil Fumarate 600/200/300mg, tablets, 30 Tabs",Generic,30,69356,1043114.24,15.04,0.5,Mylan (formerly Matrix) Nashik,8038,16532.5,1462.45
86499,Côte d'Ivoire,PMO - US,From RDC,N/A - From RDC,Truck,15-Aug-12,15-Aug-12,ARV,Adult,SCMS from RDC,SKU0003,"Lamivudine 150mg, tablets, 60 Tabs",Generic,60,10080,22377.6,2.22,0.04,Hetero Unit III Hyderabad IN,See DN-2778 (ID#:85287),See DN-2778 (ID#:85287),31.37
86500,Rwanda,PMO - US,From RDC,N/A - From RDC,Air,24-Aug-12,31-Jul-12,ARV,Adult,SCMS from RDC,SKU0058,"Abacavir 300mg, tablets, 60 Tabs",Generic,60,12548,165006.2,13.15,0.22,Mylan (formerly Matrix) Nashik,1297,21520.66,231.34
86501,Uganda,PMO - US,From RDC,N/A - From RDC,Air,11-Sep-12,8-Aug-12,ARV,Adult,SCMS from RDC,SKU0135,"Lopinavir/Ritonavir 200/50mg, tablets, 120 Tabs",Generic,120,2427,72033.36,29.68,0.25,Mylan (formerly Matrix) Nashik,647,7263.17,100.99
86502,Côte d'Ivoire,PMO - US,From RDC,N/A - From RDC,Truck,31-Aug-12,12-Aug-12,ARV,Adult,SCMS from RDC,SKU0026,"Efavirenz 600mg, tablets, 30 Tabs",Generic,30,7684,29276.04,3.81,0.13,"Strides, Bangalore, India.",See DN-2787 (ID#:83063),See DN-2787 (ID#:83063),41.05
86503,Rwanda,PMO - US,From RDC,N/A - From RDC,Air,31-Aug-12,16-Aug-12,ARV,Adult,SCMS from RDC,SKU0058,"Abacavir 300mg, tablets, 60 Tabs",Generic,60,629,8271.35,13.15,0.22,"Aurobindo Unit III, India",67,1618.12,11.6
86504,Ethiopia,PMO - US,From RDC,N/A - From RDC,Air,30-Aug-12,30-Aug-12,ARV,Pediatric,SCMS from RDC,SKU0126,"Nevirapine 10mg/ml, oral suspension w/syringe, Bottle, 240 ml",Generic,240,30000,58500,1.95,0.01,"Aurobindo Unit III, India",11101,33216.14,82.02
86505,Nigeria,PMO - US,From RDC,N/A - From RDC,Air Charter,20-Aug-12,14-Aug-12,ARV,Adult,SCMS from RDC,SKU0113,"Efavirenz/Lamivudine/Tenofovir Disoproxil Fumarate 600/300/300mg, tablets, 30 Tabs",Generic,30,23000,305210,13.27,0.44,Mylan (formerly Matrix) Nashik,2437,18461.23,427.9
86506,Nigeria,PMO - US,From RDC,N/A - From RDC,Air,31-Aug-12,14-Aug-12,ARV,Adult,SCMS from RDC,SKU0054,"Lamivudine/Nevirapine/Zidovudine 150/200/300mg, tablets, 60 Tabs",Generic,60,132919,1303935.39,9.81,0.16,Mylan (formerly Matrix) Nashik,18953,18461.22,1828.12
86507,Guyana,PMO - US,From RDC,N/A - From RDC,Air,2-Oct-12,29-Aug-12,ARV,Pediatric,SCMS from RDC,SKU0145,"Abacavir 20mg/ml, oral solution w/syringe, Bottle, 240 ml",Generic,240,129,1612.5,12.5,0.05,"Aurobindo Unit III, India",See DN-2811 (ID#:83067),See DN-2811 (ID#:83067),2.26
86508,"Congo, DRC",PMO - US,From RDC,N/A - From RDC,Air,14-Feb-13,14-Feb-13,ARV,Adult,SCMS from RDC,SKU0003,"Lamivudine 150mg, tablets, 60 Tabs",Generic,60,458,1016.76,2.22,0.04,Hetero Unit III Hyderabad IN,See DN-2812 (ID#:83068),See DN-2812 (ID#:83068),1.43
86509,"Congo, DRC",PMO - US,From RDC,N/A - From RDC,Air,14-Feb-13,14-Feb-13,ARV,Adult,SCMS from RDC,SKU0054,"Lamivudine/Nevirapine/Zidovudine 150/200/300mg, tablets, 60 Tabs",Generic,60,4027,39504.87,9.81,0.16,Hetero Unit III Hyderabad IN,See DN-2812 (ID#:83068),See DN-2812 (ID#:83068),55.39
86510,Nigeria,PMO - US,From RDC,N/A - From RDC,Air,31-Aug-12,13-Aug-12,ARV,Adult,SCMS from RDC,SKU0007,"Nevirapine 200mg, tablets, 60 Tabs",Generic,60,86761,209961.62,2.42,0.04,Hetero Unit III Hyderabad IN,See DN-2818 (ID#:85894),See DN-2818 (ID#:85894),294.37
86511,Uganda,PMO - US,From RDC,N/A - From RDC,Air,29-Oct-12,29-Oct-12,ARV,Adult,SCMS from RDC,SKU0107,"Lamivudine/Tenofovir Disoproxil Fumarate 300/300mg, tablets, 30 Tabs",Generic,30,24799,137386.46,5.54,0.18,Mylan (formerly Matrix) Nashik,See DN-2829 (ID#:82504),See DN-2829 (ID#:82504),192.62
86512,Uganda,PMO - US,From RDC,N/A - From RDC,Truck,31-Oct-12,31-Oct-12,ARV,Adult,SCMS from RDC,SKU0107,"Lamivudine/Tenofovir Disoproxil Fumarate 300/300mg, tablets, 30 Tabs",Generic,30,19078,105692.12,5.54,0.18,Hetero Unit III Hyderabad IN,2030,11846.85,148.18
86513,Tanzania,PMO - US,From RDC,N/A - From RDC,Truck,15-Nov-12,15-Nov-12,ARV,Adult,SCMS from RDC,SKU0135,"Lopinavir/Ritonavir 200/50mg, tablets, 120 Tabs",Generic,120,16114,472301.34,29.31,0.24,Mylan (formerly Matrix) Nashik,4256,6052.1,662.17
86514,South Sudan,PMO - US,From RDC,N/A - From RDC,Air,15-Nov-12,23-Oct-12,ARV,Adult,SCMS from RDC,SKU0007,"Nevirapine 200mg, tablets, 60 Tabs",Generic,60,225,544.5,2.42,0.04,Mylan (formerly Matrix) Nashik,See DN-2858 (ID#:82511),See DN-2858 (ID#:82511),0.76
86515,Mozambique,PMO - US,From RDC,N/A - From RDC,Truck,30-Oct-12,10-Oct-12,ARV,Adult,SCMS from RDC,SKU0054,"Lamivudine/Nevirapine/Zidovudine 150/200/300mg, tablets, 60 Tabs",Generic,60,49999,490490.19,9.81,0.16,Hetero Unit III Hyderabad IN,See DN-2863 (ID#:85307),See DN-2863 (ID#:85307),687.67
86516,Zambia,PMO - US,From RDC,N/A - From RDC,Truck,10-Oct-12,5-Oct-12,ARV,Adult,SCMS from RDC,SKU0132,"Efavirenz/Emtricitabine/Tenofovir Disoproxil Fumarate 600/200/300mg, tablets, 30 Tabs",Generic,30,60000,862800,14.38,0.48,Mylan (formerly Matrix) Nashik,See DN-2865 (ID#:82514),See DN-2865 (ID#:82514),1209.65
86517,Zimbabwe,PMO - US,From RDC,N/A - From RDC,Truck,31-Oct-12,5-Oct-12,ARV,Adult,SCMS from RDC,SKU0054,"Lamivudine/Nevirapine/Zidovudine 150/200/300mg, tablets, 60 Tabs",Generic,60,100000,981000,9.81,0.16,Hetero Unit III Hyderabad IN,14115,8751.99,1375.36
86518,South Sudan,PMO - US,From RDC,N/A - From RDC,Air,30-Nov-12,30-Nov-12,ARV,Adult,SCMS from RDC,SKU0011,"Lamivudine/Zidovudine 150/300mg, tablets, 60 Tabs",Generic,60,300,2316,7.72,0.13,Mylan (formerly Matrix) Nashik,25,742.98,3.25
86519,Côte d'Ivoire,PMO - US,From RDC,N/A - From RDC,Truck,30-Oct-12,24-Oct-12,ARV,Adult,SCMS from RDC,SKU0026,"Efavirenz 600mg, tablets, 30 Tabs",Generic,30,83,302.12,3.64,0.12,Hetero Unit III Hyderabad IN,See DN-2880 (ID#:85310),See DN-2880 (ID#:85310),0.42
86520,Zimbabwe,PMO - US,From RDC,N/A - From RDC,Truck,31-Oct-12,18-Oct-12,ARV,Adult,SCMS from RDC,SKU0011,"Lamivudine/Zidovudine 150/300mg, tablets, 60 Tabs",Generic,60,1006,7766.32,7.72,0.13,Mylan (formerly Matrix) Nashik,Weight Captured Separately,Freight Included in Commodity Cost,10.89
86521,Zimbabwe,PMO - US,From RDC,N/A - From RDC,Truck,31-Oct-12,18-Oct-12,ARV,Adult,SCMS from RDC,SKU0107,"Lamivudine/Tenofovir Disoproxil Fumarate 300/300mg, tablets, 30 Tabs",Generic,30,16799,90042.64,5.36,0.18,Hetero Unit III Hyderabad IN,Weight Captured Separately,Freight Included in Commodity Cost,126.24
86522,Tanzania,PMO - US,From RDC,N/A - From RDC,Truck,30-Nov-12,31-Oct-12,ARV,Adult,SCMS from RDC,SKU0105,"Emtricitabine/Tenofovir Disoproxil Fumarate 200/300mg, tablets, 30 Tabs",Generic,30,43040,283633.6,6.59,0.22,Mylan (formerly Matrix) Nashik,See DN-2883 (ID#:83630),See DN-2883 (ID#:83630),397.65
86523,Zambia,PMO - US,From RDC,N/A - From RDC,Truck,31-Oct-12,19-Oct-12,ARV,Adult,SCMS from RDC,SKU0007,"Nevirapine 200mg, tablets, 60 Tabs",Generic,60,45531,111095.64,2.44,0.04,Hetero Unit III Hyderabad IN,See DN-2884 (ID#:85312),See DN-2884 (ID#:85312),155.76
86524,Tanzania,PMO - US,From RDC,N/A - From RDC,Truck,30-Nov-12,6-Nov-12,ARV,Pediatric,SCMS from RDC,SKU0108,"Lamivudine/Nevirapine/Stavudine 60/100/12mg, dispersible tablets, 60 Tabs",Generic,60,14798,63631.4,4.3,0.07,"Cipla, Goa, India",See DN-2888 (ID#:85908),See DN-2888 (ID#:85908),89.21
86525,Uganda,PMO - US,From RDC,N/A - From RDC,Air,8-Nov-12,29-Oct-12,ARV,Adult,SCMS from RDC,SKU0026,"Efavirenz 600mg, tablets, 30 Tabs",Generic,30,2700,10287,3.81,0.13,"Aurobindo Unit III, India",234,2154.1,14.42
86526,Côte d'Ivoire,PMO - US,From RDC,N/A - From RDC,Truck,31-Jan-13,24-Oct-12,ARV,Pediatric,SCMS from RDC,SKU0117,"Zidovudine 10mg/ml, oral solution w/syringe, Bottle, 240 ml",Generic,240,3000,6300,2.1,0.01,"Aurobindo Unit III, India",1152,5971.13,8.83
86527,Zambia,PMO - US,From RDC,N/A - From RDC,Truck,17-Dec-12,17-Dec-12,ARV,Adult,SCMS from RDC,SKU0105,"Emtricitabine/Tenofovir Disoproxil Fumarate 200/300mg, tablets, 30 Tabs",Generic,30,132175,871033.25,6.59,0.22,Mylan (formerly Matrix) Nashik,See DN-2919 (ID#:84201),See DN-2919 (ID#:84201),1221.19
86528,Zambia,PMO - US,From RDC,N/A - From RDC,Truck,17-Dec-12,17-Dec-12,ARV,Adult,SCMS from RDC,SKU0132,"Efavirenz/Emtricitabine/Tenofovir Disoproxil Fumarate 600/200/300mg, tablets, 30 Tabs",Generic,30,107000,1538660,14.38,0.48,Mylan (formerly Matrix) Nashik,See DN-2919 (ID#:84201),See DN-2919 (ID#:84201),2157.2
86529,Uganda,PMO - US,From RDC,N/A - From RDC,Truck,6-Dec-12,20-Nov-12,ARV,Adult,SCMS from RDC,SKU0014,"Zidovudine 300mg, tablets, 60 Tabs",Generic,60,25,169,6.76,0.11,Hetero Unit III Hyderabad IN,1,5220.79,0.24
86530,Uganda,PMO - US,From RDC,N/A - From RDC,Air,7-Dec-12,28-Nov-12,ARV,Adult,SCMS from RDC,SKU0135,"Lopinavir/Ritonavir 200/50mg, tablets, 120 Tabs",Generic,120,8335,222544.5,26.7,0.22,"Aurobindo Unit III, India",2034,10977.65,275.29
86531,Mozambique,PMO - US,From RDC,N/A - From RDC,Truck,11-Jan-13,11-Jan-13,ARV,Adult,SCMS from RDC,SKU0026,"Efavirenz 600mg, tablets, 30 Tabs",Generic,30,1928,7345.68,3.81,0.13,Mylan (formerly Matrix) Nashik,See DN-2939 (ID#:82528),See DN-2939 (ID#:82528),10.3
86532,Nigeria,PMO - US,From RDC,N/A - From RDC,Air,4-Dec-12,4-Dec-12,ARV,Adult,SCMS from RDC,SKU0054,"Lamivudine/Nevirapine/Zidovudine 150/200/300mg, tablets, 60 Tabs",Generic,60,138508,1332446.96,9.62,0.16,Mylan (formerly Matrix) Nashik,See DN-2947 (ID#:83642),See DN-2947 (ID#:83642),1868.09
86533,Côte d'Ivoire,PMO - US,From RDC,N/A - From RDC,Truck,31-Dec-12,6-Dec-12,ARV,Adult,SCMS from RDC,SKU0113,"Efavirenz/Lamivudine/Tenofovir Disoproxil Fumarate 600/300/300mg, tablets, 30 Tabs",Generic,30,25644,340295.88,13.27,0.44,Mylan (formerly Matrix) Nashik,See DN-2954 (ID#:82534),See DN-2954 (ID#:82534),477.09
86534,Côte d'Ivoire,PMO - US,From RDC,N/A - From RDC,Truck,1-Feb-13,14-Jan-13,ARV,Adult,SCMS from RDC,SKU0011,"Lamivudine/Zidovudine 150/300mg, tablets, 60 Tabs",Generic,60,25740,198712.8,7.72,0.13,Hetero Unit III Hyderabad IN,See DN-2958 (ID#:83097),See DN-2958 (ID#:83097),278.6
86535,Côte d'Ivoire,PMO - US,From RDC,N/A - From RDC,Truck,1-Feb-13,14-Jan-13,ARV,Pediatric,SCMS from RDC,SKU0131,"Lamivudine/Zidovudine 30/60mg, tablets, 60 Tabs",Generic,60,6800,18768,2.76,0.05,Mylan (formerly Matrix) Nashik,See DN-2958 (ID#:83097),See DN-2958 (ID#:83097),26.31
86536,Côte d'Ivoire,PMO - US,From RDC,N/A - From RDC,Truck,27-Feb-13,14-Jan-13,ARV,Adult,SCMS from RDC,SKU0162,"Abacavir/Lamivudine 600/300mg, scored tablets, 30 Tabs",Generic,30,1800,40500,22.5,0.75,"Aurobindo Unit III, India",174,2148.5,56.78
86537,Tanzania,PMO - US,From RDC,N/A - From RDC,Truck,4-Mar-13,4-Mar-13,ARV,Adult,SCMS from RDC,SKU0135,"Lopinavir/Ritonavir 200/50mg, tablets, 120 Tabs",Generic,120,17201,459266.7,26.7,0.22,Mylan (formerly Matrix) Nashik,See DN-2962 (ID#:85320),See DN-2962 (ID#:85320),643.89
86538,Mozambique,PMO - US,From RDC,N/A - From RDC,Truck,11-Jan-13,11-Jan-13,ARV,Adult,SCMS from RDC,SKU0054,"Lamivudine/Nevirapine/Zidovudine 150/200/300mg, tablets, 60 Tabs",Generic,60,67609,650398.58,9.62,0.16,"Aurobindo Unit III, India",See DN-2965 (ID#:85321),See DN-2965 (ID#:85321),911.86
86539,Côte d'Ivoire,PMO - US,From RDC,N/A - From RDC,Air,28-Feb-13,25-Jan-13,ARV,Pediatric,SCMS from RDC,SKU0142,"Efavirenz 200mg, scored tablets, 90 Tabs",Generic,90,4000,29200,7.3,0.08,"Strides, Bangalore, India.",244,3138.35,40.94
86540,Zimbabwe,PMO - US,From RDC,N/A - From RDC,Truck,21-Dec-12,13-Dec-12,ARV,Adult,SCMS from RDC,SKU0026,"Efavirenz 600mg, tablets, 30 Tabs",Generic,30,48072,171136.32,3.56,0.12,Mylan (formerly Matrix) Nashik,See DN-2975 (ID#:82536),See DN-2975 (ID#:82536),239.93
86541,"Congo, DRC",PMO - US,From RDC,N/A - From RDC,Air,11-Sep-13,11-Sep-13,ARV,Adult,SCMS from RDC,SKU0107,"Lamivudine/Tenofovir Disoproxil Fumarate 300/300mg, tablets, 30 Tabs",Generic,30,897,4314.57,4.81,0.16,"Cipla, Kurkumbh, India",See DN-2981 (ID#:82538),See DN-2981 (ID#:82538),5.34
86543,Uganda,PMO - US,From RDC,N/A - From RDC,Air,22-Feb-13,25-Feb-13,ARV,Adult,SCMS from RDC,SKU0014,"Zidovudine 300mg, tablets, 60 Tabs",Generic,60,2250,15210,6.76,0.11,"Cipla, Goa, India",See DN-2986 (ID#:85927),See DN-2986 (ID#:85927),18.81
86544,Uganda,PMO - US,From RDC,N/A - From RDC,Air,11-Feb-13,7-Mar-13,ARV,Adult,SCMS from RDC,SKU0107,"Lamivudine/Tenofovir Disoproxil Fumarate 300/300mg, tablets, 30 Tabs",Generic,30,13620,65512.2,4.81,0.16,Hetero Unit III Hyderabad IN,See DN-3000 (ID#:82542),See DN-3000 (ID#:82542),91.85
86545,Mozambique,PMO - US,From RDC,N/A - From RDC,Truck,22-Mar-13,22-Mar-13,ARV,Adult,SCMS from RDC,SKU0026,"Efavirenz 600mg, tablets, 30 Tabs",Generic,30,38000,135280,3.56,0.12,"Hetero, Jadcherla, unit 5, IN",3140,7733.77,167.34
86548,"Congo, DRC",PMO - US,From RDC,N/A - From RDC,Air,18-Mar-13,8-Aug-13,ARV,Pediatric,SCMS from RDC,SKU0140,"Lamivudine/Nevirapine/Zidovudine 30/50/60mg, dispersible tablets, 60 Tabs",Generic,60,3960,16434,4.15,0.07,Mylan (formerly Matrix) Nashik,See DN-3017 (ID#:83108),See DN-3017 (ID#:83108),20.33
86549,"Congo, DRC",PMO - US,From RDC,N/A - From RDC,Air,18-Mar-13,8-Aug-13,ARV,Pediatric,SCMS from RDC,SKU0148,"Didanosine 200mg, delayed-release capsules, 30 Caps",Generic,30,42,462,11,0.37,"Aurobindo Unit III, India",See DN-3017 (ID#:83108),See DN-3017 (ID#:83108),0.57
86550,Côte d'Ivoire,PMO - US,From RDC,N/A - From RDC,Truck,28-Feb-13,28-Feb-13,ARV,Adult,SCMS from RDC,SKU0054,"Lamivudine/Nevirapine/Zidovudine 150/200/300mg, tablets, 60 Tabs",Generic,60,64160,550492.8,8.58,0.14,Hetero Unit III Hyderabad IN,See DN-3019 (ID#:84227),See DN-3019 (ID#:84227),771.79
86551,Nigeria,PMO - US,From RDC,N/A - From RDC,Air Charter,15-Mar-13,25-Feb-13,ARV,Adult,SCMS from RDC,SKU0105,"Emtricitabine/Tenofovir Disoproxil Fumarate 200/300mg, tablets, 30 Tabs",Generic,30,66700,404869,6.07,0.2,"Aurobindo Unit III, India",12046,37242.5,567.63
86552,Nigeria,PMO - US,From RDC,N/A - From RDC,Air Charter,15-Mar-13,25-Feb-13,ARV,Adult,SCMS from RDC,SKU0105,"Emtricitabine/Tenofovir Disoproxil Fumarate 200/300mg, tablets, 30 Tabs",Generic,30,52546,318954.22,6.07,0.2,Hetero Unit III Hyderabad IN,See DN-3027 (ID#:86551),See DN-3027 (ID#:86551),447.17
86553,Zimbabwe,PMO - US,From RDC,N/A - From RDC,Truck,14-Mar-13,14-Mar-13,ARV,Adult,SCMS from RDC,SKU0107,"Lamivudine/Tenofovir Disoproxil Fumarate 300/300mg, tablets, 30 Tabs",Generic,30,20519,96439.3,4.7,0.16,"Aurobindo Unit VII, IN",See DN-3030 (ID#:82549),See DN-3030 (ID#:82549),135.21
86554,Zimbabwe,PMO - US,From RDC,N/A - From RDC,Truck,15-Apr-13,23-Mar-13,ARV,Adult,SCMS from RDC,SKU0007,"Nevirapine 200mg, tablets, 60 Tabs",Generic,60,29131,65836.06,2.26,0.04,Hetero Unit III Hyderabad IN,See DN-3048 (ID#:84235),See DN-3048 (ID#:84235),92.3
86555,Zambia,PMO - US,From RDC,N/A - From RDC,Truck,25-Jun-13,1-Apr-13,ARV,Adult,SCMS from RDC,SKU0007,"Nevirapine 200mg, tablets, 60 Tabs",Generic,60,38929,87979.54,2.26,0.04,Hetero Unit III Hyderabad IN,2462,16295.56,108.83
86556,Guyana,PMO - US,From RDC,N/A - From RDC,Air,18-Apr-13,15-Mar-13,ARV,Adult,SCMS from RDC,SKU0135,"Lopinavir/Ritonavir 200/50mg, tablets, 120 Tabs",Generic,120,2871,71085.96,24.76,0.21,Mylan (formerly Matrix) Nashik,See DN-3060 (ID#:83121),See DN-3060 (ID#:83121),87.93
86558,Zimbabwe,PMO - US,From RDC,N/A - From RDC,Truck,15-Apr-13,8-Apr-13,ARV,Adult,SCMS from RDC,SKU0107,"Lamivudine/Tenofovir Disoproxil Fumarate 300/300mg, tablets, 30 Tabs",Generic,30,138974,653177.8,4.7,0.16,Hetero Unit III Hyderabad IN,14845,14451.68,915.76
86559,Burundi,PMO - US,From RDC,N/A - From RDC,Air,2-May-13,29-Mar-13,ARV,Pediatric,SCMS from RDC,SKU0126,"Nevirapine 10mg/ml, oral suspension w/syringe, Bottle, 240 ml",Generic,240,564,1099.8,1.95,0.01,"Aurobindo Unit III, India",210,1551.32,1.36
86561,Mozambique,PMO - US,From RDC,N/A - From RDC,Truck,6-Jun-13,20-Jun-13,ARV,Adult,SCMS from RDC,SKU0011,"Lamivudine/Zidovudine 150/300mg, tablets, 60 Tabs",Generic,60,660,4798.2,7.27,0.12,"Cipla, Goa, India",See DN-3110 (ID#:84809),See DN-3110 (ID#:84809),5.94
86562,Mozambique,PMO - US,From RDC,N/A - From RDC,Truck,6-Jun-13,20-Jun-13,ARV,Adult,SCMS from RDC,SKU0014,"Zidovudine 300mg, tablets, 60 Tabs",Generic,60,184,1203.36,6.54,0.11,"Cipla, Goa, India",See DN-3110 (ID#:84809),See DN-3110 (ID#:84809),1.49
86563,Uganda,PMO - US,From RDC,N/A - From RDC,Air,9-Aug-13,9-Aug-13,ARV,Adult,SCMS from RDC,SKU0007,"Nevirapine 200mg, tablets, 60 Tabs",Generic,60,32298,72993.48,2.26,0.04,Hetero Unit III Hyderabad IN,See DN-3121 (ID#:83677),See DN-3121 (ID#:83677),90.29
86564,South Sudan,PMO - US,From RDC,N/A - From RDC,Air,30-Apr-13,24-Apr-13,ARV,Adult,SCMS from RDC,SKU0026,"Efavirenz 600mg, tablets, 30 Tabs",Generic,30,2100,6993,3.33,0.11,"Strides, Bangalore, India.",See DN-3125 (ID#:82571),See DN-3125 (ID#:82571),8.65
86565,South Sudan,PMO - US,From RDC,N/A - From RDC,Air,30-Apr-13,24-Apr-13,ARV,Adult,SCMS from RDC,SKU0011,"Lamivudine/Zidovudine 150/300mg, tablets, 60 Tabs",Generic,60,1702,12373.54,7.27,0.12,"Cipla, Goa, India",See DN-3125 (ID#:82571),See DN-3125 (ID#:82571),15.31
86566,Nigeria,PMO - US,From RDC,N/A - From RDC,Air Charter,21-May-13,3-May-13,ARV,Adult,SCMS from RDC,SKU0135,"Lopinavir/Ritonavir 200/50mg, tablets, 120 Tabs",Generic,120,50000,1089000,21.78,0.18,"Aurobindo Unit III, India",See DN-3130 (ID#:84252),See DN-3130 (ID#:84252),1347.09
86567,Zambia,PMO - US,From RDC,N/A - From RDC,Air,28-Jun-13,14-May-13,ARV,Adult,SCMS from RDC,SKU0105,"Emtricitabine/Tenofovir Disoproxil Fumarate 200/300mg, tablets, 30 Tabs",Generic,30,18216,110571.12,6.07,0.2,Mylan (formerly Matrix) Nashik,1500,7513.5,136.78
86568,Mozambique,PMO - US,From RDC,N/A - From RDC,Truck,1-Aug-13,1-Aug-13,ARV,Adult,SCMS from RDC,SKU0054,"Lamivudine/Nevirapine/Zidovudine 150/200/300mg, tablets, 60 Tabs",Generic,60,108700,932646,8.58,0.14,Mylan (formerly Matrix) Nashik,See DN-3102 (ID#:82573),See DN-3102 (ID#:82573),1153.68
86569,Nigeria,PMO - US,From RDC,N/A - From RDC,Air Charter,21-May-13,3-May-13,ARV,Pediatric,SCMS from RDC,SKU0142,"Efavirenz 200mg, scored tablets, 90 Tabs",Generic,90,848,6190.4,7.3,0.08,"Strides, Bangalore, India.",73,14547.55,7.66
86572,Nigeria,PMO - US,From RDC,N/A - From RDC,Air Charter,21-May-13,10-May-13,ARV,Adult,SCMS from RDC,SKU0011,"Lamivudine/Zidovudine 150/300mg, tablets, 60 Tabs",Generic,60,54005,378035,7,0.12,Hetero Unit III Hyderabad IN,See DN-3171 (ID#:83685),See DN-3171 (ID#:83685),467.63
86573,Tanzania,PMO - US,From RDC,N/A - From RDC,Truck,31-May-13,18-Jun-13,ARV,Adult,SCMS from RDC,SKU0135,"Lopinavir/Ritonavir 200/50mg, tablets, 120 Tabs",Generic,120,7995,174131.1,21.78,0.18,"Aurobindo Unit III, India",1946,12382,215.4
86574,Mozambique,PMO - US,From RDC,N/A - From RDC,Truck,26-Jul-13,26-Jul-13,ARV,Adult,SCMS from RDC,SKU0011,"Lamivudine/Zidovudine 150/300mg, tablets, 60 Tabs",Generic,60,32508,227556,7,0.12,Hetero Unit III Hyderabad IN,Weight Captured Separately,Freight Included in Commodity Cost,281.49
86575,Zambia,PMO - US,From RDC,N/A - From RDC,Truck,28-Jun-13,7-Jun-13,ARV,Adult,SCMS from RDC,SKU0011,"Lamivudine/Zidovudine 150/300mg, tablets, 60 Tabs",Generic,60,12873,90111,7,0.12,"Cipla, Goa, India",See DN-3186 (ID#:83688),See DN-3186 (ID#:83688),126.34
86576,Nigeria,PMO - US,From RDC,N/A - From RDC,Air Charter,21-May-13,29-May-13,ARV,Pediatric,SCMS from RDC,SKU0142,"Efavirenz 200mg, scored tablets, 90 Tabs",Generic,90,10743,78423.9,7.3,0.08,"Strides, Bangalore, India.",748,20761,97.01
86577,Nigeria,PMO - US,From RDC,N/A - From RDC,Air Charter,31-May-13,28-May-13,ARV,Adult,SCMS from RDC,SKU0135,"Lopinavir/Ritonavir 200/50mg, tablets, 120 Tabs",Generic,120,19000,413820,21.78,0.18,Hetero Unit III Hyderabad IN,See DN-3197 (ID#:84271),See DN-3197 (ID#:84271),511.9
86579,Tanzania,PMO - US,From RDC,N/A - From RDC,Truck,27-Aug-13,24-Jul-13,ARV,Adult,SCMS from RDC,SKU0132,"Efavirenz/Emtricitabine/Tenofovir Disoproxil Fumarate 600/200/300mg, tablets, 30 Tabs",Generic,30,69963,906720.48,12.96,0.43,Mylan (formerly Matrix) Nashik,7819,7108.78,1121.61
86580,Zambia,PMO - US,From RDC,N/A - From RDC,Truck,22-Oct-13,22-Oct-13,ARV,Adult,SCMS from RDC,SKU0007,"Nevirapine 200mg, tablets, 60 Tabs",Generic,60,42773,96666.98,2.26,0.04,Hetero Unit III Hyderabad IN,2270,4356.75,119.58
86581,Uganda,PMO - US,From RDC,N/A - From RDC,Air,31-Jul-13,19-Jul-13,ARV,Adult,SCMS from RDC,SKU0113,"Efavirenz/Lamivudine/Tenofovir Disoproxil Fumarate 600/300/300mg, tablets, 30 Tabs",Generic,30,5728,60258.56,10.52,0.35,Hetero Unit III Hyderabad IN,770,2871,74.54
86582,Cameroon,PMO - US,From RDC,N/A - From RDC,Air Charter,22-Jul-13,31-Jul-13,ARV,Adult,SCMS from RDC,SKU0026,"Efavirenz 600mg, tablets, 30 Tabs",Generic,30,33000,109890,3.33,0.11,"Strides, Bangalore, India.",See DN-3227 (ID#:82589),See DN-3227 (ID#:82589),135.93
86584,Mozambique,PMO - US,From RDC,N/A - From RDC,Truck,1-Aug-13,1-Aug-13,ARV,Adult,SCMS from RDC,SKU0113,"Efavirenz/Lamivudine/Tenofovir Disoproxil Fumarate 600/300/300mg, tablets, 30 Tabs",Generic,30,50000,526000,10.52,0.35,Hetero Unit III Hyderabad IN,Weight Captured Separately,Invoiced Separately,650.66
86585,Mozambique,PMO - US,From RDC,N/A - From RDC,Truck,1-Aug-13,1-Aug-13,ARV,Adult,SCMS from RDC,SKU0113,"Efavirenz/Lamivudine/Tenofovir Disoproxil Fumarate 600/300/300mg, tablets, 30 Tabs",Generic,30,1000,10520,10.52,0.35,Mylan (formerly Matrix) Nashik,See DN-3230 (ID#:86584),See DN-3230 (ID#:86584),13.01
86586,Nigeria,PMO - US,From RDC,N/A - From RDC,Air Charter,21-Aug-13,23-Jul-13,ARV,Adult,SCMS from RDC,SKU0054,"Lamivudine/Nevirapine/Zidovudine 150/200/300mg, tablets, 60 Tabs",Generic,60,249974,2144776.92,8.58,0.14,"Aurobindo Unit III, India",Weight Captured Separately,Freight Included in Commodity Cost,2653.09
86587,Nigeria,PMO - US,From RDC,N/A - From RDC,Air Charter,4-Sep-13,23-Jul-13,ARV,Pediatric,SCMS from RDC,SKU0140,"Lamivudine/Nevirapine/Zidovudine 30/50/60mg, dispersible tablets, 60 Tabs",Generic,60,28029,116320.35,4.15,0.07,Mylan (formerly Matrix) Nashik,1698,Freight Included in Commodity Cost,143.89
86588,Nigeria,PMO - US,From RDC,N/A - From RDC,Air Charter,21-Aug-13,30-Jul-13,ARV,Pediatric,SCMS from RDC,SKU0140,"Lamivudine/Nevirapine/Zidovudine 30/50/60mg, dispersible tablets, 60 Tabs",Generic,60,38705,160625.75,4.15,0.07,Mylan (formerly Matrix) Nashik,2352,Freight Included in Commodity Cost,198.69
86589,Burundi,PMO - US,From RDC,N/A - From RDC,Air,6-Aug-13,21-May-13,ARV,Adult,SCMS from RDC,SKU0107,"Lamivudine/Tenofovir Disoproxil Fumarate 300/300mg, tablets, 30 Tabs",Generic,30,48,225.6,4.7,0.16,Hetero Unit III Hyderabad IN,See DN-3260 (ID#:82593),See DN-3260 (ID#:82593),0.28
86590,Uganda,PMO - US,From RDC,N/A - From RDC,Air,27-Sep-13,27-Sep-13,ARV,Adult,SCMS from RDC,SKU0011,"Lamivudine/Zidovudine 150/300mg, tablets, 60 Tabs",Generic,60,19697,137879,7,0.12,"Cipla, Goa, India",See DN-3263 (ID#:83150),See DN-3263 (ID#:83150),170.56
86591,Uganda,PMO - US,From RDC,N/A - From RDC,Air,29-Aug-13,13-Sep-13,ARV,Adult,SCMS from RDC,SKU0026,"Efavirenz 600mg, tablets, 30 Tabs",Generic,30,7363,24518.79,3.33,0.11,"Strides, Bangalore, India.",See DN-3267 (ID#:83708),See DN-3267 (ID#:83708),30.33
86592,"Congo, DRC",PMO - US,From RDC,N/A - From RDC,Air,27-Aug-13,8-Feb-14,ARV,Adult,SCMS from RDC,SKU0007,"Nevirapine 200mg, tablets, 60 Tabs",Generic,60,761,1719.86,2.26,0.04,"Aurobindo Unit III, India",See DN-3268 (ID#:82595),See DN-3268 (ID#:82595),2.13
86593,"Congo, DRC",PMO - US,From RDC,N/A - From RDC,Air,28-Aug-13,8-Feb-14,ARV,Pediatric,SCMS from RDC,SKU0117,"Zidovudine 10mg/ml, oral solution w/syringe, Bottle, 240 ml",Generic,240,502,1054.2,2.1,0.01,"Aurobindo Unit III, India",See DN-3269 (ID#:83711),See DN-3269 (ID#:83711),1.3
86595,Côte d'Ivoire,PMO - US,From RDC,N/A - From RDC,Truck,28-Aug-13,28-Aug-13,ARV,Pediatric,SCMS from RDC,SKU0142,"Efavirenz 200mg, scored tablets, 90 Tabs",Generic,90,7800,56940,7.3,0.08,"Strides, Bangalore, India.",462,3033.26,70.43
86596,Burundi,PMO - US,From RDC,N/A - From RDC,Air,13-Oct-13,21-May-13,ARV,Adult,SCMS from RDC,SKU0007,"Nevirapine 200mg, tablets, 60 Tabs",Generic,60,63,142.38,2.26,0.04,Hetero Unit III Hyderabad IN,Weight Captured Separately,Invoiced Separately,0.18
86597,Mozambique,PMO - US,From RDC,N/A - From RDC,Truck,13-Nov-13,13-Nov-13,ARV,Adult,SCMS from RDC,SKU0011,"Lamivudine/Zidovudine 150/300mg, tablets, 60 Tabs",Generic,60,38016,276376.32,7.27,0.12,"Aurobindo Unit III, India",See DN-3289 (ID#:84844),See DN-3289 (ID#:84844),341.88
86598,Zimbabwe,PMO - US,From RDC,N/A - From RDC,Truck,12-Sep-13,20-Sep-13,ARV,Pediatric,SCMS from RDC,SKU0140,"Lamivudine/Nevirapine/Zidovudine 30/50/60mg, dispersible tablets, 60 Tabs",Generic,60,61591,255602.65,4.15,0.07,"Strides, Bangalore, India.",2641,4529.65,316.18
86599,Mozambique,PMO - US,From RDC,N/A - From RDC,Truck,29-Nov-13,12-Oct-13,ARV,Adult,SCMS from RDC,SKU0029,"Tenofovir Disoproxil Fumarate 300mg, tablets, 30 Tabs",Generic,30,720,2908.8,4.04,0.13,Mylan (formerly Matrix) Nashik,52,504.5,3.6
86600,Burundi,PMO - US,From RDC,N/A - From RDC,Air,9-Sep-13,10-Sep-13,ARV,Pediatric,SCMS from RDC,SKU0126,"Nevirapine 10mg/ml, oral suspension w/syringe, Bottle, 240 ml",Generic,240,2280,4446,1.95,0.01,"Aurobindo Unit III, India",845,5435.44,5.5
86601,Côte d'Ivoire,PMO - US,From RDC,N/A - From RDC,Truck,30-Sep-13,13-Sep-13,ARV,Adult,SCMS from RDC,SKU0107,"Lamivudine/Tenofovir Disoproxil Fumarate 300/300mg, tablets, 30 Tabs",Generic,30,4900,23030,4.7,0.16,"Aurobindo Unit VII, IN",487,3738.53,32.29
86602,Nigeria,PMO - US,From RDC,N/A - From RDC,Air Charter,18-Sep-13,12-Sep-13,ARV,Adult,SCMS from RDC,SKU0054,"Lamivudine/Nevirapine/Zidovudine 150/200/300mg, tablets, 60 Tabs",Generic,60,7456,63972.48,8.58,0.14,Mylan (formerly Matrix) Nashik,See DN-3324 (ID#:84854),See DN-3324 (ID#:84854),79.13
86603,Nigeria,PMO - US,From RDC,N/A - From RDC,Air Charter,18-Sep-13,12-Sep-13,ARV,Adult,SCMS from RDC,SKU0054,"Lamivudine/Nevirapine/Zidovudine 150/200/300mg, tablets, 60 Tabs",Generic,60,160000,1372800,8.58,0.14,"Aurobindo Unit III, India",See DN-3324 (ID#:84854),See DN-3324 (ID#:84854),1698.15
86711,Zambia,PMO - US,From RDC,N/A - From RDC,Truck,4-Sep-14,25-Jul-14,ARV,Adult,SCMS from RDC,SKU0011,"Lamivudine/Zidovudine 150/300mg, tablets, 60 Tabs",Generic,60,14653,96709.8,6.6,0.11,"Aurobindo Unit III, India",1413,1325.68,99.42
86604,Dominican Republic,PMO - US,From RDC,N/A - From RDC,Air,26-Sep-13,21-May-13,ARV,Adult,SCMS from RDC,SKU0183,"Lopinavir/Ritonavir 200/50mg, [DON] tablets, 120 Tabs",Generic,120,93,0,0,0,Mylan (formerly Matrix) Nashik,Weight Captured Separately,Invoiced Separately,0
86605,Guyana,PMO - US,From RDC,N/A - From RDC,Air,30-Sep-13,4-Oct-13,ARV,Adult,SCMS from RDC,SKU0008,"Lopinavir/Ritonavir 200/50mg [Aluvia], tablets, 120 Tabs",Aluvia,120,1634,33039.48,20.22,0.17,ABBVIE Ludwigshafen Germany,See DN-3331 (ID#:82603),See DN-3331 (ID#:82603),40.87
86606,Burundi,PMO - US,From RDC,N/A - From RDC,Air,27-Oct-13,5-Nov-13,ARV,Adult,SCMS from RDC,SKU0026,"Efavirenz 600mg, tablets, 30 Tabs",Generic,30,5568,18541.44,3.33,0.11,"Strides, Bangalore, India.",342,3325.77,22.94
86607,Mozambique,PMO - US,From RDC,N/A - From RDC,Truck,31-Oct-13,13-Nov-13,ARV,Adult,SCMS from RDC,SKU0011,"Lamivudine/Zidovudine 150/300mg, tablets, 60 Tabs",Generic,60,39997,290778.19,7.27,0.12,Mylan (formerly Matrix) Nashik,See DN-3339 (ID#:83718),See DN-3339 (ID#:83718),359.69
86610,Dominican Republic,PMO - US,From RDC,N/A - From RDC,Air,29-Oct-13,10-Oct-13,ARV,Adult,SCMS from RDC,SKU0135,"Lopinavir/Ritonavir 200/50mg, tablets, 120 Tabs",Generic,120,14988,314748,21,0.18,"Aurobindo Unit III, India",See DN-3355 (ID#:83726),See DN-3355 (ID#:83726),389.34
86611,Côte d'Ivoire,PMO - US,From RDC,N/A - From RDC,Truck,20-Nov-13,4-Oct-13,ARV,Pediatric,SCMS from RDC,SKU0181,"Abacavir/Lamivudine 60/30mg, tablets, 30 Tabs",Generic,30,6000,24000,4,0.13,Mylan (formerly Matrix) Nashik,243,2180.32,29.69
86612,Zambia,PMO - US,From RDC,N/A - From RDC,Truck,24-Jan-14,24-Jan-14,ARV,Adult,SCMS from RDC,SKU0132,"Efavirenz/Emtricitabine/Tenofovir Disoproxil Fumarate 600/200/300mg, tablets, 30 Tabs",Generic,30,177272,2180445.6,12.3,0.41,Mylan (formerly Matrix) Nashik,See DN-3360 (ID#:84864),See DN-3360 (ID#:84864),2697.21
86613,Zambia,PMO - US,From RDC,N/A - From RDC,Truck,24-Jan-14,24-Jan-14,ARV,Adult,SCMS from RDC,SKU0132,"Efavirenz/Emtricitabine/Tenofovir Disoproxil Fumarate 600/200/300mg, tablets, 30 Tabs",Generic,30,133970,1647831,12.3,0.41,"Aurobindo Unit VII, IN",See DN-3360 (ID#:84864),See DN-3360 (ID#:84864),2038.37
86614,Côte d'Ivoire,PMO - US,From RDC,N/A - From RDC,Truck,4-Nov-13,22-Oct-13,ARV,Adult,SCMS from RDC,SKU0162,"Abacavir/Lamivudine 600/300mg, scored tablets, 30 Tabs",Generic,30,3400,45968,13.52,0.45,Mylan (formerly Matrix) Nashik,247,2414.89,56.86
86615,"Congo, DRC",PMO - US,From RDC,N/A - From RDC,Air,31-Oct-13,27-Jan-14,ARV,Adult,SCMS from RDC,SKU0107,"Lamivudine/Tenofovir Disoproxil Fumarate 300/300mg, tablets, 30 Tabs",Generic,30,510,2397,4.7,0.16,"Aurobindo Unit VII, IN",See DN-3373 (ID#:82613),See DN-3373 (ID#:82613),2.97
86616,Mozambique,PMO - US,From RDC,N/A - From RDC,Truck,29-Nov-13,28-Nov-13,ARV,Adult,SCMS from RDC,SKU0113,"Efavirenz/Lamivudine/Tenofovir Disoproxil Fumarate 600/300/300mg, tablets, 30 Tabs",Generic,30,112303,1252178.45,11.15,0.37,Hetero Unit III Hyderabad IN,15105,5846.08,1548.94
86617,Uganda,PMO - US,From RDC,N/A - From RDC,Truck,29-Nov-13,20-Nov-13,ARV,Adult,SCMS from RDC,SKU0007,"Nevirapine 200mg, tablets, 60 Tabs",Generic,60,45525,102886.5,2.26,0.04,Hetero Unit III Hyderabad IN,2818,6976.78,127.27
86618,Uganda,PMO - US,From RDC,N/A - From RDC,Truck,29-Nov-13,13-Nov-13,ARV,Pediatric,SCMS from RDC,SKU0142,"Efavirenz 200mg, scored tablets, 90 Tabs",Generic,90,8035,74725.5,9.3,0.1,"Strides, Bangalore, India.",See DN-3385 (ID#:85415),See DN-3385 (ID#:85415),92.44
86621,Zambia,PMO - US,From RDC,N/A - From RDC,Air,29-Nov-13,9-Nov-13,ARV,Adult,SCMS from RDC,SKU0105,"Emtricitabine/Tenofovir Disoproxil Fumarate 200/300mg, tablets, 30 Tabs",Generic,30,31760,192783.2,6.07,0.2,"Aurobindo Unit III, India",2875,14275.5,238.47
86622,Zambia,PMO - US,From RDC,N/A - From RDC,Truck,24-Jan-14,24-Jan-14,ARV,Adult,SCMS from RDC,SKU0008,"Lopinavir/Ritonavir 200/50mg [Aluvia], tablets, 120 Tabs",Aluvia,120,45711,924276.42,20.22,0.17,ABBVIE Ludwigshafen Germany,See DN-3396 (ID#:84302),See DN-3396 (ID#:84302),1143.33
86625,Zimbabwe,PMO - US,From RDC,N/A - From RDC,Truck,30-Nov-13,25-Nov-13,ARV,Adult,SCMS from RDC,SKU0113,"Efavirenz/Lamivudine/Tenofovir Disoproxil Fumarate 600/300/300mg, tablets, 30 Tabs",Generic,30,20160,224784,11.15,0.37,Mylan (formerly Matrix) Nashik,2277,10942.88,278.06
86626,Côte d'Ivoire,PMO - US,From RDC,N/A - From RDC,Truck,29-Nov-13,9-Dec-13,ARV,Adult,SCMS from RDC,SKU0054,"Lamivudine/Nevirapine/Zidovudine 150/200/300mg, tablets, 60 Tabs",Generic,60,41700,344442,8.26,0.14,"Aurobindo Unit III, India",4873,18002.87,426.07
86627,Uganda,PMO - US,From RDC,N/A - From RDC,Air,16-Dec-13,20-Dec-13,ARV,Pediatric,SCMS from RDC,SKU0140,"Lamivudine/Nevirapine/Zidovudine 30/50/60mg, dispersible tablets, 60 Tabs",Generic,60,2277,8857.53,3.89,0.06,Mylan (formerly Matrix) Nashik,128,1611.43,9.11
86629,Guyana,PMO - US,From RDC,N/A - From RDC,Air,31-Dec-13,30-Nov-13,ARV,Pediatric,SCMS from RDC,SKU0145,"Abacavir 20mg/ml, oral solution w/syringe, Bottle, 240 ml",Generic,240,49,416.99,8.51,0.04,"Aurobindo Unit III, India",See DN-3409 (ID#:84306),See DN-3409 (ID#:84306),0.52
86630,Guyana,PMO - US,From RDC,N/A - From RDC,Air,31-Dec-13,30-Nov-13,ARV,Pediatric,SCMS from RDC,SKU0130,"Lamivudine 10mg/ml, oral solution w/syringe, Bottle, 240 ml",Generic,240,135,195.75,1.45,0.01,"Aurobindo Unit III, India",See DN-3409 (ID#:84306),See DN-3409 (ID#:84306),0.24
86631,Guyana,PMO - US,From RDC,N/A - From RDC,Air,31-Dec-13,2-Dec-13,ARV,Adult,SCMS from RDC,SKU0058,"Abacavir 300mg, tablets, 60 Tabs",Generic,60,67,767.82,11.46,0.19,"Aurobindo Unit III, India",See DN-3425 (ID#:82618),See DN-3425 (ID#:82618),0.95
86632,Zambia,PMO - US,From RDC,N/A - From RDC,Truck,24-Jan-14,24-Jan-14,ARV,Adult,SCMS from RDC,SKU0132,"Efavirenz/Emtricitabine/Tenofovir Disoproxil Fumarate 600/200/300mg, tablets, 30 Tabs",Generic,30,2424,29815.2,12.3,0.41,Mylan (formerly Matrix) Nashik,See DN-3432 (ID#:83739),See DN-3432 (ID#:83739),36.88
86634,Tanzania,PMO - US,From RDC,N/A - From RDC,Truck,31-Jan-14,19-Feb-14,ARV,Adult,SCMS from RDC,SKU0135,"Lopinavir/Ritonavir 200/50mg, tablets, 120 Tabs",Generic,120,32753,670781.44,20.48,0.17,Mylan (formerly Matrix) Nashik,See DN-3505 (ID#:82627),See DN-3505 (ID#:82627),829.76
86635,Mozambique,PMO - US,From RDC,N/A - From RDC,Truck,31-Mar-14,28-Mar-14,ARV,Adult,SCMS from RDC,SKU0044,"Lamivudine/Nevirapine/Stavudine 150/200/30mg, tablets, 60 Tabs",Generic,60,12160,52531.2,4.32,0.07,"Strides, Bangalore, India.",See DN-3554 (ID#:83748),See DN-3554 (ID#:83748),64.98
86637,Tanzania,PMO - US,From RDC,N/A - From RDC,Truck,31-Jan-14,7-Mar-14,ARV,Pediatric,SCMS from RDC,SKU0108,"Lamivudine/Nevirapine/Stavudine 60/100/12mg, dispersible tablets, 60 Tabs",Generic,60,3879,16679.7,4.3,0.07,"Cipla, Goa, India",See DN-3477 (ID#:86029),See DN-3477 (ID#:86029),20.63
86639,South Sudan,PMO - US,From RDC,N/A - From RDC,Air,22-Jan-14,11-Feb-14,ARV,Adult,SCMS from RDC,SKU0054,"Lamivudine/Nevirapine/Zidovudine 150/200/300mg, tablets, 60 Tabs",Generic,60,3746,30941.96,8.26,0.14,"Aurobindo Unit III, India",See DN-3493 (ID#:84322),See DN-3493 (ID#:84322),31.81
86643,Tanzania,PMO - US,From RDC,N/A - From RDC,Truck,31-Jan-14,12-Mar-14,ARV,Pediatric,SCMS from RDC,SKU0146,"Nevirapine 10mg/ml, oral suspension w/syringe, Bottle, 100 ml",Generic,100,20000,26000,1.3,0.01,"Aurobindo Unit III, India",3920,6010.2,32.16
86644,Tanzania,PMO - US,From RDC,N/A - From RDC,Truck,31-Jan-14,7-Mar-14,ARV,Pediatric,SCMS from RDC,SKU0142,"Efavirenz 200mg, scored tablets, 90 Tabs",Generic,90,21596,200842.8,9.3,0.1,"Strides, Bangalore, India.",1336,5033.8,248.44
86650,Côte d'Ivoire,PMO - US,From RDC,N/A - From RDC,Truck,29-Jan-14,15-Feb-14,ARV,Adult,SCMS from RDC,SKU0135,"Lopinavir/Ritonavir 200/50mg, tablets, 120 Tabs",Generic,120,20440,418611.2,20.48,0.17,Mylan (formerly Matrix) Nashik,5450,23701.58,517.82
86651,Côte d'Ivoire,PMO - US,From RDC,N/A - From RDC,Truck,10-Feb-14,5-Feb-14,ARV,Adult,SCMS from RDC,SKU0054,"Lamivudine/Nevirapine/Zidovudine 150/200/300mg, tablets, 60 Tabs",Generic,60,93700,773962,8.26,0.14,Hetero Unit III Hyderabad IN,12220,42859.56,957.39
86652,Rwanda,PMO - US,From RDC,N/A - From RDC,Truck,31-Jan-14,3-Feb-14,ARV,Adult,SCMS from RDC,SKU0113,"Efavirenz/Lamivudine/Tenofovir Disoproxil Fumarate 600/300/300mg, tablets, 30 Tabs",Generic,30,119370,1297551.9,10.87,0.36,Mylan (formerly Matrix) Nashik,13429,13380.52,1605.07
86653,Nigeria,PMO - US,From RDC,N/A - From RDC,Air Charter,28-Feb-14,10-Feb-14,ARV,Pediatric,SCMS from RDC,SKU0140,"Lamivudine/Nevirapine/Zidovudine 30/50/60mg, dispersible tablets, 60 Tabs",Generic,60,169447,635426.25,3.75,0.06,"Strides, Bangalore, India.",8039,30936.1,786.02
86654,Nigeria,PMO - US,From RDC,N/A - From RDC,Air Charter,7-Mar-14,10-Feb-14,ARV,Pediatric,SCMS from RDC,SKU0138,"Abacavir/Lamivudine 60/30mg, tablets, 60 Tabs",Generic,60,4915,19660,4,0.07,Mylan (formerly Matrix) Nashik,See DN-3542 (ID#:83208),See DN-3542 (ID#:83208),24.32
86655,Nigeria,PMO - US,From RDC,N/A - From RDC,Air Charter,28-Feb-14,10-Feb-14,ARV,Adult,SCMS from RDC,SKU0054,"Lamivudine/Nevirapine/Zidovudine 150/200/300mg, tablets, 60 Tabs",Generic,60,83300,688058,8.26,0.14,Hetero Unit III Hyderabad IN,See DN-3551 (ID#:84895),See DN-3551 (ID#:84895),851.13
86657,"Congo, DRC",PMO - US,From RDC,N/A - From RDC,Air,30-May-14,19-May-14,ARV,Adult,SCMS from RDC,SKU0026,"Efavirenz 600mg, tablets, 30 Tabs",Generic,30,2827,9413.91,3.33,0.11,"Strides, Bangalore, India.",See DN-3561 (ID#:82654),See DN-3561 (ID#:82654),9.68
86659,Zambia,PMO - US,From RDC,N/A - From RDC,Truck,21-Mar-14,25-Mar-14,ARV,Adult,SCMS from RDC,SKU0132,"Efavirenz/Emtricitabine/Tenofovir Disoproxil Fumarate 600/200/300mg, tablets, 30 Tabs",Generic,30,3866,45966.74,11.89,0.4,"Hetero, Jadcherla, unit 5, IN",638,3526.7,56.86
86660,Mozambique,PMO - US,From RDC,N/A - From RDC,Truck,15-Apr-14,14-Apr-14,ARV,Adult,SCMS from RDC,SKU0026,"Efavirenz 600mg, tablets, 30 Tabs",Generic,30,43000,143190,3.33,0.11,"Cipla, Goa, India",See DN-3580 (ID#:83772),See DN-3580 (ID#:83772),147.2
86661,Mozambique,PMO - US,From RDC,N/A - From RDC,Truck,15-Apr-14,14-Apr-14,ARV,Pediatric,SCMS from RDC,SKU0126,"Nevirapine 10mg/ml, oral suspension w/syringe, Bottle, 240 ml",Generic,240,4584,8526.24,1.86,0.01,"Aurobindo Unit III, India",See DN-3580 (ID#:83772),See DN-3580 (ID#:83772),8.76
86662,Zimbabwe,PMO - US,From RDC,N/A - From RDC,Truck,6-May-14,21-Mar-14,ARV,Adult,SCMS from RDC,SKU0113,"Efavirenz/Lamivudine/Tenofovir Disoproxil Fumarate 600/300/300mg, tablets, 30 Tabs",Generic,30,143023,1594706.45,11.15,0.37,Mylan (formerly Matrix) Nashik,See DN-3588 (ID#:83225),See DN-3588 (ID#:83225),1972.65
86663,Tanzania,PMO - US,From RDC,N/A - From RDC,Truck,30-Apr-14,17-Apr-14,ARV,Pediatric,SCMS from RDC,SKU0142,"Efavirenz 200mg, scored tablets, 90 Tabs",Generic,90,135,1255.5,9.3,0.1,"Strides, Bangalore, India.",8,1231.6,1.55
86664,Côte d'Ivoire,PMO - US,From RDC,N/A - From RDC,Truck,10-Apr-14,10-Apr-14,ARV,Adult,SCMS from RDC,SKU0162,"Abacavir/Lamivudine 600/300mg, scored tablets, 30 Tabs",Generic,30,1900,25688,13.52,0.45,Mylan (formerly Matrix) Nashik,See DN-3598 (ID#:85452),See DN-3598 (ID#:85452),31.78
86665,Côte d'Ivoire,PMO - US,From RDC,N/A - From RDC,Truck,30-Apr-14,14-Apr-14,ARV,Adult,SCMS from RDC,SKU0113,"Efavirenz/Lamivudine/Tenofovir Disoproxil Fumarate 600/300/300mg, tablets, 30 Tabs",Generic,30,60200,633304,10.52,0.35,Hetero Unit III Hyderabad IN,See DN-3599 (ID#:84351),See DN-3599 (ID#:84351),783.4
86749,Uganda,PMO - US,From RDC,N/A - From RDC,Truck,15-Jan-15,17-Dec-14,ARV,Adult,SCMS from RDC,SKU0026,"Efavirenz 600mg, tablets, 30 Tabs",Generic,30,22500,72225,3.21,0.11,"Strides, Bangalore, India.",See DN-4019 (ID#:84429),See DN-4019 (ID#:84429),74.25
86666,Nigeria,PMO - US,From RDC,N/A - From RDC,Air Charter,15-Apr-14,17-Apr-14,ARV,Adult,SCMS from RDC,SKU0054,"Lamivudine/Nevirapine/Zidovudine 150/200/300mg, tablets, 60 Tabs",Generic,60,37869,312797.94,8.26,0.14,Mylan (formerly Matrix) Nashik,See DN-3619 (ID#:86069),See DN-3619 (ID#:86069),386.93
86668,Tanzania,PMO - US,From RDC,N/A - From RDC,Truck,30-Apr-14,7-May-14,ARV,Adult,SCMS from RDC,SKU0058,"Abacavir 300mg, tablets, 60 Tabs",Generic,60,27293,306500.39,11.23,0.19,Mylan (formerly Matrix) Nashik,2525,2352.53,379.14
86669,Guyana,PMO - US,From RDC,N/A - From RDC,Air,30-Jun-14,14-Apr-14,ARV,Adult,SCMS from RDC,SKU0011,"Lamivudine/Zidovudine 150/300mg, tablets, 60 Tabs",Generic,60,293,1971.89,6.73,0.11,Mylan (formerly Matrix) Nashik,See DN-3626 (ID#:83781),See DN-3626 (ID#:83781),2.03
86670,Mozambique,PMO - US,From RDC,N/A - From RDC,Truck,3-Jun-14,3-Jun-14,ARV,Adult,SCMS from RDC,SKU0029,"Tenofovir Disoproxil Fumarate 300mg, tablets, 30 Tabs",Generic,30,640,2419.2,3.78,0.13,Hetero Unit III Hyderabad IN,See DN-3627 (ID#:83782),See DN-3627 (ID#:83782),2.49
86671,Mozambique,PMO - US,From RDC,N/A - From RDC,Truck,14-Jun-14,24-Jun-14,ARV,Adult,SCMS from RDC,SKU0007,"Nevirapine 200mg, tablets, 60 Tabs",Generic,60,2100,4746,2.26,0.04,Hetero Unit III Hyderabad IN,See DN-3628 (ID#:83234),See DN-3628 (ID#:83234),4.88
86672,Côte d'Ivoire,PMO - US,From RDC,N/A - From RDC,Air,30-Apr-14,25-Apr-14,ARV,Adult,SCMS from RDC,SKU0029,"Tenofovir Disoproxil Fumarate 300mg, tablets, 30 Tabs",Generic,30,700,2646,3.78,0.13,Hetero Unit III Hyderabad IN,See DN-3630 (ID#:84916),See DN-3630 (ID#:84916),3.27
86673,Côte d'Ivoire,PMO - US,From RDC,N/A - From RDC,Truck,30-May-14,23-Apr-14,ARV,Adult,SCMS from RDC,SKU0135,"Lopinavir/Ritonavir 200/50mg, tablets, 120 Tabs",Generic,120,28516,571460.64,20.04,0.17,"Aurobindo Unit III, India",See DN-3631 (ID#:85458),See DN-3631 (ID#:85458),706.9
86674,Côte d'Ivoire,PMO - US,From RDC,N/A - From RDC,Truck,30-Apr-14,25-Apr-14,ARV,Pediatric,SCMS from RDC,SKU0130,"Lamivudine 10mg/ml, oral solution w/syringe, Bottle, 240 ml",Generic,240,4157,5944.51,1.43,0.01,"Aurobindo Unit III, India",1385,6437.76,6.11
86675,Côte d'Ivoire,PMO - US,From RDC,N/A - From RDC,Truck,30-Apr-14,25-Apr-14,ARV,Pediatric,SCMS from RDC,SKU0146,"Nevirapine 10mg/ml, oral suspension w/syringe, Bottle, 100 ml",Generic,100,4000,5200,1.3,0.01,"Aurobindo Unit III, India",750,3138.81,6.43
86676,Mozambique,PMO - US,From RDC,N/A - From RDC,Truck,2-Jun-14,3-Jun-14,ARV,Adult,SCMS from RDC,SKU0058,"Abacavir 300mg, tablets, 60 Tabs",Generic,60,405,4548.15,11.23,0.19,Mylan (formerly Matrix) Nashik,39,3590,5.63
86677,Zambia,PMO - US,From RDC,N/A - From RDC,Truck,6-May-14,19-May-14,ARV,Adult,SCMS from RDC,SKU0107,"Lamivudine/Tenofovir Disoproxil Fumarate 300/300mg, tablets, 30 Tabs",Generic,30,12590,58417.6,4.64,0.15,Ranbaxy per Shasun Pharma,See DN-3648 (ID#:84360),See DN-3648 (ID#:84360),60.05
86678,Mozambique,PMO - US,From RDC,N/A - From RDC,Truck,16-Jun-14,23-May-14,ARV,Adult,SCMS from RDC,SKU0054,"Lamivudine/Nevirapine/Zidovudine 150/200/300mg, tablets, 60 Tabs",Generic,60,173309,1405535.99,8.11,0.14,"Cipla, Goa, India",See DN-3652 (ID#:85463),See DN-3652 (ID#:85463),1444.89
86679,"Congo, DRC",PMO - US,From RDC,N/A - From RDC,Air,15-Aug-14,15-Aug-14,ARV,Adult,SCMS from RDC,SKU0014,"Zidovudine 300mg, tablets, 60 Tabs",Generic,60,3000,16500,5.5,0.09,Mylan (formerly Matrix) Nashik,See DN-3654 (ID#:84361),See DN-3654 (ID#:84361),16.96
86680,Tanzania,PMO - US,From RDC,N/A - From RDC,Truck,30-May-14,21-Jun-14,ARV,Adult,SCMS from RDC,SKU0058,"Abacavir 300mg, tablets, 60 Tabs",Generic,60,2707,30399.61,11.23,0.19,Mylan (formerly Matrix) Nashik,263,1811.6,37.6
86683,Uganda,PMO - US,From RDC,N/A - From RDC,Truck,30-May-14,28-May-14,ARV,Adult,SCMS from RDC,SKU0054,"Lamivudine/Nevirapine/Zidovudine 150/200/300mg, tablets, 60 Tabs",Generic,60,45950,372654.5,8.11,0.14,Hetero Unit III Hyderabad IN,6061,6901.96,383.09
86684,Guyana,PMO - US,From RDC,N/A - From RDC,Air,30-May-14,4-Jun-14,ARV,Pediatric,SCMS from RDC,SKU0142,"Efavirenz 200mg, scored tablets, 90 Tabs",Generic,90,75,697.5,9.3,0.1,"Strides, Bangalore, India.",5,908.65,0.72
86685,Nigeria,PMO - US,From RDC,N/A - From RDC,Air Charter,30-Jun-14,9-May-14,ARV,Pediatric,SCMS from RDC,SKU0140,"Lamivudine/Nevirapine/Zidovudine 30/50/60mg, dispersible tablets, 60 Tabs",Generic,60,11820,44325,3.75,0.06,"Strides, Bangalore, India.",See DN-3719 (ID#:85477),See DN-3719 (ID#:85477),45.57
86686,Nigeria,PMO - US,From RDC,N/A - From RDC,Air Charter,3-Jun-14,9-May-14,ARV,Adult,SCMS from RDC,SKU0054,"Lamivudine/Nevirapine/Zidovudine 150/200/300mg, tablets, 60 Tabs",Generic,60,200000,1622000,8.11,0.14,Hetero Unit III Hyderabad IN,See DN-3721 (ID#:86086),See DN-3721 (ID#:86086),1667.42
86691,Mozambique,PMO - US,From RDC,N/A - From RDC,Truck,31-Aug-14,18-Jul-14,ARV,Adult,SCMS from RDC,SKU0113,"Efavirenz/Lamivudine/Tenofovir Disoproxil Fumarate 600/300/300mg, tablets, 30 Tabs",Generic,30,247500,2668050,10.78,0.36,Mylan (formerly Matrix) Nashik,See DN-3744 (ID#:85483),See DN-3744 (ID#:85483),2742.76
86694,Zimbabwe,PMO - US,From RDC,N/A - From RDC,Truck,30-Sep-14,20-Jun-14,ARV,Adult,SCMS from RDC,SKU0007,"Nevirapine 200mg, tablets, 60 Tabs",Generic,60,178097,402499.22,2.26,0.04,Hetero Unit III Hyderabad IN,See DN-3771 (ID#:84943),See DN-3771 (ID#:84943),413.77
86695,Zimbabwe,PMO - US,From RDC,N/A - From RDC,Air,30-Jun-14,20-Jun-14,ARV,Pediatric,SCMS from RDC,SKU0138,"Abacavir/Lamivudine 60/30mg, tablets, 60 Tabs",Generic,60,1973,7892,4,0.07,"Aurobindo Unit III, India",8894,102.67,8.11
86698,Mozambique,PMO - US,From RDC,N/A - From RDC,Truck,30-Sep-14,30-Oct-14,ARV,Adult,SCMS from RDC,SKU0107,"Lamivudine/Tenofovir Disoproxil Fumarate 300/300mg, tablets, 30 Tabs",Generic,30,2199,10203.36,4.64,0.15,"Aurobindo Unit VII, IN",See DN-3886 (ID#:83817),See DN-3886 (ID#:83817),10.49
86699,South Sudan,PMO - US,From RDC,N/A - From RDC,Air,2-Oct-14,17-Oct-14,ARV,Adult,SCMS from RDC,SKU0026,"Efavirenz 600mg, tablets, 30 Tabs",Generic,30,4488,14406.48,3.21,0.11,"Cipla, Goa, India",See DN-3891 (ID#:86103),See DN-3891 (ID#:86103),14.81
86701,Uganda,PMO - US,From RDC,N/A - From RDC,Truck,28-Nov-14,22-Aug-14,ARV,Adult,SCMS from RDC,SKU0008,"Lopinavir/Ritonavir 200/50mg [Aluvia], tablets, 120 Tabs",Aluvia,120,5337,100869.3,18.9,0.16,ABBVIE Ludwigshafen Germany,1089,3730.8,103.69
86703,Rwanda,PMO - US,From RDC,N/A - From RDC,Truck,30-Oct-14,13-Aug-14,ARV,Adult,SCMS from RDC,SKU0054,"Lamivudine/Nevirapine/Zidovudine 150/200/300mg, tablets, 60 Tabs",Generic,60,86008,697524.88,8.11,0.14,Hetero Unit III Hyderabad IN,11117,15617.93,717.06
86704,Nigeria,PMO - US,From RDC,N/A - From RDC,Air Charter,30-Jun-14,20-Jun-14,ARV,Pediatric,SCMS from RDC,SKU0140,"Lamivudine/Nevirapine/Zidovudine 30/50/60mg, dispersible tablets, 60 Tabs",Generic,60,65761,245288.53,3.73,0.06,"Strides, Bangalore, India.",3156,28812.57,252.16
86706,Mozambique,PMO - US,From RDC,N/A - From RDC,Truck,15-Aug-14,15-Aug-14,ARV,Adult,SCMS from RDC,SKU0014,"Zidovudine 300mg, tablets, 60 Tabs",Generic,60,57870,314812.8,5.44,0.09,"Aurobindo Unit III, India",See DN-3809 (ID#:84950),See DN-3809 (ID#:84950),323.63
86709,Zimbabwe,PMO - US,From RDC,N/A - From RDC,Truck,30-Sep-14,29-Jun-14,ARV,Pediatric,SCMS from RDC,SKU0140,"Lamivudine/Nevirapine/Zidovudine 30/50/60mg, dispersible tablets, 60 Tabs",Generic,60,66023,246265.79,3.73,0.06,"Cipla, Goa, India",5780,15789.2,253.16
86718,Mozambique,PMO - US,From RDC,N/A - From RDC,Truck,29-Aug-14,27-Oct-14,ARV,Adult,SCMS from RDC,SKU0054,"Lamivudine/Nevirapine/Zidovudine 150/200/300mg, tablets, 60 Tabs",Generic,60,114324,927167.64,8.11,0.14,"Cipla, Goa, India",See DN-3864 (ID#:85518),See DN-3864 (ID#:85518),953.13
86719,Mozambique,PMO - US,From RDC,N/A - From RDC,Truck,29-Aug-14,27-Oct-14,ARV,Adult,SCMS from RDC,SKU0054,"Lamivudine/Nevirapine/Zidovudine 150/200/300mg, tablets, 60 Tabs",Generic,60,103410,838655.1,8.11,0.14,"Aurobindo Unit III, India",See DN-3866 (ID#:85519),See DN-3866 (ID#:85519),862.14
86750,Côte d'Ivoire,PMO - US,From RDC,N/A - From RDC,Truck,28-Nov-14,2-Dec-14,ARV,Adult,SCMS from RDC,SKU0026,"Efavirenz 600mg, tablets, 30 Tabs",Generic,30,32400,107892,3.33,0.11,"Strides, Bangalore, India.",See DN-4016 (ID#:84996),See DN-4016 (ID#:84996),110.91
86720,Tanzania,PMO - US,From RDC,N/A - From RDC,Truck,29-Aug-14,29-Sep-14,ARV,Pediatric,SCMS from RDC,SKU0140,"Lamivudine/Nevirapine/Zidovudine 30/50/60mg, dispersible tablets, 60 Tabs",Generic,60,42141,157185.93,3.73,0.06,Mylan (formerly Matrix) Nashik,See DN-3867 (ID#:84968),See DN-3867 (ID#:84968),194.44
86721,Mozambique,PMO - US,From RDC,N/A - From RDC,Truck,30-Dec-14,30-Oct-14,ARV,Adult,SCMS from RDC,SKU0107,"Lamivudine/Tenofovir Disoproxil Fumarate 300/300mg, tablets, 30 Tabs",Generic,30,38774,179911.36,4.64,0.15,Ranbaxy per Shasun Pharma,See DN-3903 (ID#:86131),See DN-3903 (ID#:86131),184.95
86723,Nigeria,PMO - US,From RDC,N/A - From RDC,Air Charter,30-Sep-14,3-Sep-14,ARV,Pediatric,SCMS from RDC,SKU0142,"Efavirenz 200mg, scored tablets, 90 Tabs",Generic,90,635,5905.5,9.3,0.1,"Strides, Bangalore, India.",65,177,6.07
86724,Nigeria,PMO - US,From RDC,N/A - From RDC,Air Charter,31-Oct-14,3-Sep-14,ARV,Adult,SCMS from RDC,SKU0026,"Efavirenz 600mg, tablets, 30 Tabs",Generic,30,12241,39293.61,3.21,0.11,"Strides, Bangalore, India.",828,3773,40.39
86727,Mozambique,PMO - US,From RDC,N/A - From RDC,Truck,31-Oct-14,30-Oct-14,ARV,Adult,SCMS from RDC,SKU0152,"Abacavir/Lamivudine 600/300mg, tablets, 30 Tabs",Generic,30,3793,51281.36,13.52,0.45,"Cipla, Patalganga, India",383,123.7,52.72
86728,Guyana,PMO - US,From RDC,N/A - From RDC,Air,30-Sep-14,9-Oct-14,ARV,Adult,SCMS from RDC,SKU0011,"Lamivudine/Zidovudine 150/300mg, tablets, 60 Tabs",Generic,60,228,1504.8,6.6,0.11,"Aurobindo Unit III, India",21,973.48,1.55
86729,Mozambique,PMO - US,From RDC,N/A - From RDC,Truck,31-Oct-14,30-Oct-14,ARV,Adult,SCMS from RDC,SKU0054,"Lamivudine/Nevirapine/Zidovudine 150/200/300mg, tablets, 60 Tabs",Generic,60,110000,908600,8.26,0.14,"Aurobindo Unit III, India",See DN-3939 (ID#:82732),See DN-3939 (ID#:82732),934.04
86730,Mozambique,PMO - US,From RDC,N/A - From RDC,Truck,31-Dec-14,28-Oct-14,ARV,Adult,SCMS from RDC,SKU0029,"Tenofovir Disoproxil Fumarate 300mg, tablets, 30 Tabs",Generic,30,220,831.6,3.78,0.13,Hetero Unit III Hyderabad IN,See DN-3944 (ID#:82733),See DN-3944 (ID#:82733),0.85
86735,Mozambique,PMO - US,From RDC,N/A - From RDC,Truck,31-Dec-14,1-Dec-14,ARV,Adult,SCMS from RDC,SKU0113,"Efavirenz/Lamivudine/Tenofovir Disoproxil Fumarate 600/300/300mg, tablets, 30 Tabs",Generic,30,19492,210123.76,10.78,0.36,Mylan (formerly Matrix) Nashik,See DN-3957 (ID#:83283),See DN-3957 (ID#:83283),216.01
86737,Côte d'Ivoire,PMO - US,From RDC,N/A - From RDC,Truck,31-Oct-14,24-Oct-14,ARV,Adult,SCMS from RDC,SKU0152,"Abacavir/Lamivudine 600/300mg, tablets, 30 Tabs",Generic,30,2400,32376,13.49,0.45,Mylan (formerly Matrix) Nashik,213,1422.54,33.28
86739,"Congo, DRC",PMO - US,From RDC,N/A - From RDC,Air,30-Jan-15,18-Feb-15,ARV,Adult,SCMS from RDC,SKU0011,"Lamivudine/Zidovudine 150/300mg, tablets, 60 Tabs",Generic,60,4670,30448.4,6.52,0.11,Mylan (formerly Matrix) Nashik,See DN-3975 (ID#:82748),See DN-3975 (ID#:82748),31.3
86740,"Congo, DRC",PMO - US,From RDC,N/A - From RDC,Air,30-Jan-15,18-Feb-15,ARV,Adult,SCMS from RDC,SKU0054,"Lamivudine/Nevirapine/Zidovudine 150/200/300mg, tablets, 60 Tabs",Generic,60,3460,28060.6,8.11,0.14,Mylan (formerly Matrix) Nashik,See DN-3975 (ID#:82748),See DN-3975 (ID#:82748),28.85
86741,"Congo, DRC",PMO - US,From RDC,N/A - From RDC,Air,30-Jan-15,18-Feb-15,ARV,Adult,SCMS from RDC,SKU0003,"Lamivudine 150mg, tablets, 60 Tabs",Generic,60,1976,3438.24,1.74,0.03,"Aurobindo Unit III, India",See DN-3975 (ID#:82748),See DN-3975 (ID#:82748),3.53
86743,Nigeria,PMO - US,From RDC,N/A - From RDC,Air Charter,31-Oct-14,30-Oct-14,ARV,Adult,SCMS from RDC,SKU0107,"Lamivudine/Tenofovir Disoproxil Fumarate 300/300mg, tablets, 30 Tabs",Generic,30,57000,263340,4.62,0.15,"Aurobindo Unit VII, IN",5735,20138,270.71
86746,Rwanda,PMO - US,From RDC,N/A - From RDC,Truck,14-Jan-15,13-Nov-14,ARV,Pediatric,SCMS from RDC,SKU0124,"Lamivudine/Zidovudine 30/60mg, dispersible tablets, 60 Tabs",Generic,60,459,913.41,1.99,0.03,"Cipla, Goa, India",See DN-4011 (ID#:84426),See DN-4011 (ID#:84426),0.94
86747,Rwanda,PMO - US,From RDC,N/A - From RDC,Truck,16-Feb-15,14-Jan-15,ARV,Adult,SCMS from RDC,SKU0152,"Abacavir/Lamivudine 600/300mg, tablets, 30 Tabs",Generic,30,49270,666130.4,13.52,0.45,Mylan (formerly Matrix) Nashik,See DN-4012 (ID#:82755),See DN-4012 (ID#:82755),684.78
86751,Côte d'Ivoire,PMO - US,From RDC,N/A - From RDC,Truck,28-Nov-14,2-Dec-14,ARV,Adult,SCMS from RDC,SKU0011,"Lamivudine/Zidovudine 150/300mg, tablets, 60 Tabs",Generic,60,55995,365087.4,6.52,0.11,"Aurobindo Unit III, India",4899,19497.24,375.31
86756,Zambia,PMO - US,From RDC,N/A - From RDC,Truck,30-Jan-15,19-Feb-15,ARV,Adult,SCMS from RDC,SKU0107,"Lamivudine/Tenofovir Disoproxil Fumarate 300/300mg, tablets, 30 Tabs",Generic,30,18447,85225.14,4.62,0.15,Hetero Unit III Hyderabad IN,1906,2201.74,87.61
86757,Nigeria,PMO - US,From RDC,N/A - From RDC,Air Charter,30-Jan-15,29-Dec-14,ARV,Adult,SCMS from RDC,SKU0054,"Lamivudine/Nevirapine/Zidovudine 150/200/300mg, tablets, 60 Tabs",Generic,60,306992,2369978.24,7.72,0.13,"Cipla, Goa, India",See DN-4052 (ID#:85005),See DN-4052 (ID#:85005),2436.34
86758,Côte d'Ivoire,PMO - US,From RDC,N/A - From RDC,Truck,16-Feb-15,19-Jan-15,ARV,Adult,SCMS from RDC,SKU0054,"Lamivudine/Nevirapine/Zidovudine 150/200/300mg, tablets, 60 Tabs",Generic,60,120000,926400,7.72,0.13,Hetero Unit III Hyderabad IN,See DN-4064 (ID#:82765),See DN-4064 (ID#:82765),952.34
86772,Nigeria,PMO - US,From RDC,N/A - From RDC,Air Charter,30-Jan-15,14-Jan-15,ARV,Adult,SCMS from RDC,SKU0107,"Lamivudine/Tenofovir Disoproxil Fumarate 300/300mg, tablets, 30 Tabs",Generic,30,296996,1369151.56,4.61,0.15,Hetero Unit III Hyderabad IN,See DN-4097 (ID#:85009),See DN-4097 (ID#:85009),1407.49
86773,Uganda,PMO - US,From RDC,N/A - From RDC,Truck,6-Feb-15,30-Jan-15,ARV,Pediatric,SCMS from RDC,SKU0140,"Lamivudine/Nevirapine/Zidovudine 30/50/60mg, dispersible tablets, 60 Tabs",Generic,60,5000,18650,3.73,0.06,Mylan (formerly Matrix) Nashik,297,1326,19.17
86774,"Congo, DRC",PMO - US,From RDC,N/A - From RDC,Air,14-Apr-15,14-Apr-15,ARV,Adult,SCMS from RDC,SKU0113,"Efavirenz/Lamivudine/Tenofovir Disoproxil Fumarate 600/300/300mg, tablets, 30 Tabs",Generic,30,55300,539728,9.76,0.33,Mylan (formerly Matrix) Nashik,6247,61201.46,554.84
86781,Uganda,PMO - US,From RDC,N/A - From RDC,Truck,16-Mar-15,12-Mar-15,ARV,Pediatric,SCMS from RDC,SKU0140,"Lamivudine/Nevirapine/Zidovudine 30/50/60mg, dispersible tablets, 60 Tabs",Generic,60,273,982.8,3.6,0.06,"Strides, Bangalore, India.",See DN-4151 (ID#:83891),See DN-4151 (ID#:83891),1.01
86782,Mozambique,PMO - US,From RDC,N/A - From RDC,Truck,30-Jun-15,10-Apr-15,ARV,Pediatric,SCMS from RDC,SKU0126,"Nevirapine 10mg/ml, oral suspension w/syringe, Bottle, 240 ml",Generic,240,24871,37555.21,1.51,0.01,"Aurobindo Unit III, India",See DN-4153 (ID#:86170),See DN-4153 (ID#:86170),44.2
86784,Zambia,PMO - US,From RDC,N/A - From RDC,Truck,27-Feb-15,25-Mar-15,ARV,Adult,SCMS from RDC,SKU0007,"Nevirapine 200mg, tablets, 60 Tabs",Generic,60,71600,156088,2.18,0.04,"Strides, Bangalore, India.",See DN-4154 (ID#:84454),See DN-4154 (ID#:84454),160.46
86785,Rwanda,PMO - US,From RDC,N/A - From RDC,Truck,31-Mar-15,24-Mar-15,ARV,Pediatric,SCMS from RDC,SKU0071,"Abacavir 20mg/ml, oral solution, Bottle, 240 ml",Generic,240,1820,12430.6,6.83,0.03,"Aurobindo Unit III, India",See DN-4149 (ID#:82782),See DN-4149 (ID#:82782),12.78
86786,Uganda,PMO - US,From RDC,N/A - From RDC,Truck,31-Mar-15,15-May-15,ARV,Adult,SCMS from RDC,SKU0107,"Lamivudine/Tenofovir Disoproxil Fumarate 300/300mg, tablets, 30 Tabs",Generic,30,27365,125605.35,4.59,0.15,Ranbaxy per Shasun Pharma,2885,2564.94,129.12
86787,Rwanda,PMO - US,From RDC,N/A - From RDC,Air,24-Apr-15,4-May-15,ARV,Adult,SCMS from RDC,SKU0029,"Tenofovir Disoproxil Fumarate 300mg, tablets, 30 Tabs",Generic,30,200,710,3.55,0.12,Mylan (formerly Matrix) Nashik,12,1301.94,0.84
86788,Burundi,PMO - US,From RDC,N/A - From RDC,Air,29-May-15,25-Mar-15,ARV,Adult,SCMS from RDC,SKU0054,"Lamivudine/Nevirapine/Zidovudine 150/200/300mg, tablets, 60 Tabs",Generic,60,1008,7781.76,7.72,0.13,"Hetero, Jadcherla, unit 5, IN",See DN-4178 (ID#:84460),See DN-4178 (ID#:84460),9.16
86789,Burundi,PMO - US,From RDC,N/A - From RDC,Air,29-May-15,25-Mar-15,ARV,Pediatric,SCMS from RDC,SKU0124,"Lamivudine/Zidovudine 30/60mg, dispersible tablets, 60 Tabs",Generic,60,282,549.9,1.95,0.03,"Mylan,  H-12 & H-13, India",See DN-4178 (ID#:84460),See DN-4178 (ID#:84460),0.65
86790,Nigeria,PMO - US,From RDC,N/A - From RDC,Air Charter,30-Jun-15,18-Mar-15,ARV,Adult,SCMS from RDC,SKU0008,"Lopinavir/Ritonavir 200/50mg [Aluvia], tablets, 120 Tabs",Aluvia,120,13130,244743.2,18.64,0.16,ABBVIE Ludwigshafen Germany,3232,4495.29,251.6
86791,"Congo, DRC",PMO - US,From RDC,N/A - From RDC,Air,6-May-15,6-Jul-15,ARV,Pediatric,SCMS from RDC,SKU0124,"Lamivudine/Zidovudine 30/60mg, dispersible tablets, 60 Tabs",Generic,60,490,955.5,1.95,0.03,"Mylan,  H-12 & H-13, India",See DN-4195 (ID#:83324),See DN-4195 (ID#:83324),1.12
86795,Burundi,PMO - US,From RDC,N/A - From RDC,Air,30-Jun-15,22-Apr-15,ARV,Adult,SCMS from RDC,SKU0054,"Lamivudine/Nevirapine/Zidovudine 150/200/300mg, tablets, 60 Tabs",Generic,60,1056,8152.32,7.72,0.13,Mylan (formerly Matrix) Nashik,See DN-4210 (ID#:83906),See DN-4210 (ID#:83906),9.6
86796,Côte d'Ivoire,PMO - US,From RDC,N/A - From RDC,Truck,19-Jun-15,16-Apr-15,ARV,Adult,SCMS from RDC,SKU0107,"Lamivudine/Tenofovir Disoproxil Fumarate 300/300mg, tablets, 30 Tabs",Generic,30,8250,37867.5,4.59,0.15,"Cipla, Kurkumbh, India",821,6695.9,44.57
86797,Uganda,PMO - US,From RDC,N/A - From RDC,Truck,30-Apr-15,22-Apr-15,ARV,Adult,SCMS from RDC,SKU0054,"Lamivudine/Nevirapine/Zidovudine 150/200/300mg, tablets, 60 Tabs",Generic,60,21667,167269.24,7.72,0.13,Mylan (formerly Matrix) Nashik,Weight Captured Separately,Freight Included in Commodity Cost,196.88
86798,Uganda,PMO - US,From RDC,N/A - From RDC,Truck,15-Jun-15,14-May-15,ARV,Adult,SCMS from RDC,SKU0026,"Efavirenz 600mg, tablets, 30 Tabs",Generic,30,29998,93593.76,3.12,0.1,Hetero Unit III Hyderabad IN,See DN-4218 (ID#:83326),See DN-4218 (ID#:83326),110.16
86799,Zimbabwe,PMO - US,From RDC,N/A - From RDC,Truck,30-Apr-15,8-Apr-15,ARV,Pediatric,SCMS from RDC,SKU0124,"Lamivudine/Zidovudine 30/60mg, dispersible tablets, 60 Tabs",Generic,60,47733,91647.36,1.92,0.03,"Cipla, Goa, India",6368,2592.56,107.87
86800,Mozambique,PMO - US,From RDC,N/A - From RDC,Truck,31-May-15,9-Jun-15,ARV,Adult,SCMS from RDC,SKU0113,"Efavirenz/Lamivudine/Tenofovir Disoproxil Fumarate 600/300/300mg, tablets, 30 Tabs",Generic,30,200000,1920000,9.6,0.32,Hetero Unit III Hyderabad IN,26603,19194.37,2259.84
86801,Mozambique,PMO - US,From RDC,N/A - From RDC,Truck,29-May-15,15-Jun-15,ARV,Adult,SCMS from RDC,SKU0054,"Lamivudine/Nevirapine/Zidovudine 150/200/300mg, tablets, 60 Tabs",Generic,60,28516,220143.52,7.72,0.13,Hetero Unit III Hyderabad IN,3772,3567.08,226.31
86802,Mozambique,PMO - US,From RDC,N/A - From RDC,Truck,29-May-15,9-Jun-15,ARV,Adult,SCMS from RDC,SKU0054,"Lamivudine/Nevirapine/Zidovudine 150/200/300mg, tablets, 60 Tabs",Generic,60,300000,2316000,7.72,0.13,Hetero Unit III Hyderabad IN,39688,28277.42,2725.93
86803,Mozambique,PMO - US,From RDC,N/A - From RDC,Truck,29-May-15,15-Jun-15,ARV,Adult,SCMS from RDC,SKU0107,"Lamivudine/Tenofovir Disoproxil Fumarate 300/300mg, tablets, 30 Tabs",Generic,30,16006,73467.54,4.59,0.15,"Hetero, Jadcherla, unit 5, IN",1504,1653.9,75.52
86805,Zimbabwe,PMO - US,From RDC,N/A - From RDC,Truck,30-Apr-15,30-Apr-15,ARV,Pediatric,SCMS from RDC,SKU0140,"Lamivudine/Nevirapine/Zidovudine 30/50/60mg, dispersible tablets, 60 Tabs",Generic,60,46752,168307.2,3.6,0.06,"Cipla, Goa, India",See DN-4243 (ID#:83907),See DN-4243 (ID#:83907),198.1
86806,Zambia,PMO - US,From RDC,N/A - From RDC,Truck,29-May-15,15-May-15,ARV,Pediatric,SCMS from RDC,SKU0142,"Efavirenz 200mg, scored tablets, 90 Tabs",Generic,90,15000,82500,5.5,0.06,"Strides, Bangalore, India.",See DN-4250 (ID#:82799),See DN-4250 (ID#:82799),84.81
86807,Zambia,PMO - US,From RDC,N/A - From RDC,Truck,29-May-15,15-May-15,ARV,Adult,SCMS from RDC,SKU0104,"Lamivudine/Stavudine 150/30mg, tablets, 60 Tabs",Generic,60,2016,5019.84,2.49,0.04,Hetero Unit III Hyderabad IN,See DN-4250 (ID#:82799),See DN-4250 (ID#:82799),5.16
86808,Uganda,PMO - US,From RDC,N/A - From RDC,Truck,30-Jun-15,4-Jun-15,ARV,Pediatric,SCMS from RDC,SKU0140,"Lamivudine/Nevirapine/Zidovudine 30/50/60mg, dispersible tablets, 60 Tabs",Generic,60,18000,64800,3.6,0.06,Mylan (formerly Matrix) Nashik,2253,3785.72,76.27
86809,Uganda,PMO - US,From RDC,N/A - From RDC,Truck,30-Jun-15,4-Jun-15,ARV,Pediatric,SCMS from RDC,SKU0140,"Lamivudine/Nevirapine/Zidovudine 30/50/60mg, dispersible tablets, 60 Tabs",Generic,60,29287,105433.2,3.6,0.06,"Strides, Bangalore, India.",See DN-4259 (ID#:86808),See DN-4259 (ID#:86808),124.09
86810,Uganda,PMO - US,From RDC,N/A - From RDC,Truck,15-Jun-15,4-Jun-15,ARV,Pediatric,SCMS from RDC,SKU0142,"Efavirenz 200mg, scored tablets, 90 Tabs",Generic,90,6312,34716,5.5,0.06,"Strides, Bangalore, India.",See DN-4265 (ID#:83335),See DN-4265 (ID#:83335),40.86
86812,Côte d'Ivoire,PMO - US,From RDC,N/A - From RDC,Truck,29-May-15,29-May-15,ARV,Adult,SCMS from RDC,SKU0026,"Efavirenz 600mg, tablets, 30 Tabs",Generic,30,19996,62387.52,3.12,0.1,"Micro labs, Verna, Goa, India",See DN-4177 (ID#:82804),See DN-4177 (ID#:82804),64.13
86813,Nigeria,PMO - US,From RDC,N/A - From RDC,Air Charter,30-Jun-15,15-May-15,ARV,Pediatric,SCMS from RDC,SKU0140,"Lamivudine/Nevirapine/Zidovudine 30/50/60mg, dispersible tablets, 60 Tabs",Generic,60,10340,37224,3.6,0.06,Mylan (formerly Matrix) Nashik,See DN-4274 (ID#:84472),See DN-4274 (ID#:84472),38.27
86814,Nigeria,PMO - US,From RDC,N/A - From RDC,Air Charter,30-Jun-15,15-May-15,ARV,Adult,SCMS from RDC,SKU0008,"Lopinavir/Ritonavir 200/50mg [Aluvia], tablets, 120 Tabs",Aluvia,120,70000,1304800,18.64,0.16,ABBVIE Ludwigshafen Germany,15198,26180,1341.33
86815,Nigeria,PMO - US,From RDC,N/A - From RDC,Air Charter,2-Jun-15,15-May-15,ARV,Adult,SCMS from RDC,SKU0011,"Lamivudine/Zidovudine 150/300mg, tablets, 60 Tabs",Generic,60,15000,97800,6.52,0.11,"Aurobindo Unit III, India",1547,3410,115.11
86816,Nigeria,PMO - US,From RDC,N/A - From RDC,Air,30-Jun-15,22-Jun-15,ARV,Adult,SCMS from RDC,SKU0026,"Efavirenz 600mg, tablets, 30 Tabs",Generic,30,6724,20978.88,3.12,0.1,"Strides, Bangalore, India.",See DN-4282 (ID#:83919),See DN-4282 (ID#:83919),24.69
86817,Zimbabwe,PMO - US,From RDC,N/A - From RDC,Truck,31-Jul-15,15-Jul-15,ARV,Pediatric,SCMS from RDC,SKU0140,"Lamivudine/Nevirapine/Zidovudine 30/50/60mg, dispersible tablets, 60 Tabs",Generic,60,205243,738874.8,3.6,0.06,"Cipla, Goa, India",See DN-4307 (ID#:83920),See DN-4307 (ID#:83920),869.66
86818,Zimbabwe,PMO - US,From RDC,N/A - From RDC,Truck,31-Jul-15,15-Jul-15,ARV,Pediatric,SCMS from RDC,SKU0140,"Lamivudine/Nevirapine/Zidovudine 30/50/60mg, dispersible tablets, 60 Tabs",Generic,60,166571,599655.6,3.6,0.06,"Mylan,  H-12 & H-13, India",See DN-4307 (ID#:83920),See DN-4307 (ID#:83920),705.79
86819,Côte d'Ivoire,PMO - US,From RDC,N/A - From RDC,Truck,31-Jul-15,6-Aug-15,ARV,Adult,SCMS from RDC,SKU0011,"Lamivudine/Zidovudine 150/300mg, tablets, 60 Tabs",Generic,60,21072,137389.44,6.52,0.11,Hetero Unit III Hyderabad IN,See DN-4313 (ID#:83921),See DN-4313 (ID#:83921),161.71
86821,Zambia,PMO - US,From RDC,N/A - From RDC,Truck,31-Aug-15,25-Aug-15,ARV,Adult,SCMS from RDC,SKU0113,"Efavirenz/Lamivudine/Tenofovir Disoproxil Fumarate 600/300/300mg, tablets, 30 Tabs",Generic,30,514526,5140114.74,9.99,0.33,Cipla Ltd A-42 MIDC Mahar. IN,Weight Captured Separately,Freight Included in Commodity Cost,5284.04
86822,Zimbabwe,PMO - US,From RDC,N/A - From RDC,Truck,9-Sep-15,4-Aug-15,ARV,Adult,SCMS from RDC,SKU0011,"Lamivudine/Zidovudine 150/300mg, tablets, 60 Tabs",Generic,60,17465,113871.8,6.52,0.11,Mylan (formerly Matrix) Nashik,1392,Freight Included in Commodity Cost,134.03
86823,Zimbabwe,PMO - US,From RDC,N/A - From RDC,Truck,31-Aug-15,4-Aug-15,ARV,Pediatric,SCMS from RDC,SKU0124,"Lamivudine/Zidovudine 30/60mg, dispersible tablets, 60 Tabs",Generic,60,36639,72911.61,1.99,0.03,"Cipla, Goa, India",Weight Captured Separately,Freight Included in Commodity Cost,85.82
